4652 5908
2422 351 2503 413 26

627 562 826 644 ταχύς.
890 567 968 627 62
1017 562 1214 624 πόθεν
1264 559 1661 643 λαμβάνονται
1706 556 1779 621 τιὶ
1825 562 2109 631 &nillum
2157 555 2277 622 ἀπό
2321 560 2441 620 τῶν
2490 558 2795 638 ἐνεργειῶν
2840 555 2942 634 τῆς
2989 555 3179 636 ψυχῆς
3226 553 3269 635 ἡ
3312 557 3428 617 τῶν
3474 554 3932 637 συμβεβηκότων
3977 552 4143 637 αι’τῇ,
4187 564 4284 620 καὶ

628 673 749 738 ἀπό
790 668 908 736 τῶν
954 680 1258 758 ἐνεργειῶν
1302 673 1403 736 τοῦ
1448 671 1722 751 σώματος
1770 669 1802 750 ἢ
1848 672 1961 734 τῶν
2023 674 2474 754 συμβεβηκότων
2530 668 2687 749 αὐτῷ
2751 675 2845 732 καὶ
2908 667 3032 731 cini>
3083 668 3198 730 τῶν
3255 674 3441 743 ἐκτός.
3533 676 3624 731 καὶ
3687 670 3808 734 :inb
3857 674 3962 745 μὲν
4012 670 4131 732 τῶν
4175 677 4284 751 τῆς

628 792 855 872 ψυχῆς,
914 785 1034 851 οἷον
1093 790 1411 869 φρόνιμος,
1475 785 1697 866 μωρός,
1765 783 2151 866 θειιιρητικός.
2241 784 2358 847 ἀπὸ
2404 789 2462 846 δὲ
2510 784 2631 846 τῶν
2677 782 2781 846 τοῦ
2833 785 3127 861 σώματος,
3171 782 3292 845 οἷον
3337 788 3533 862 μέλας,
3578 784 3825 863 πύκτης.
3888 780 4005 845 ‹ini›
4054 790 4116 848 δὲ
4164 787 4285 847 τῶν

631 906 830 977 ἐκτός,
889 899 1012 965 οἷον
1072 902 1371 974 πλούσιος,
1430 905 1624 979 πένης.
1675 937 1750 947 -
1802 906 1881 965 65
1935 904 1993 962 Τι’
2040 906 2164 962 ἐστι
2208 902 2360 979 πρός
2404 923 2492 976 τι,·
2539 898 2608 960 τὸ
2655 900 2808 977 πρὸς
2852 897 3046 977 ἕτερον
3092 896 3223 979 ἔχον
3268 903 3463 979 σχέσιν
3509 903 3604 959 καὶ
3650 900 3773 985 [καὶ
3824 894 3970 980 ὅπερ
4017 902 4109 967 ed.
4155 901 4283 985 pn]

631 1015 773 1078 αὐτό
815 1015 964 1097 ὅπερ
1011 1021 1165 1078 ἐστὶν
1210 1020 1412 1094 ἑτέρου
1458 1015 1601 1076 εἶναι
1646 1017 1886 1094 λέγεται,
1933 1009 2054 1075 οἷον
2099 1012 2291 1091 πατήρ
2341 1013 2489 1085 υἱός,
2533 1014 2738 1082 δοῦλος
2784 1010 3102 1090 δεσπότης,
3146 1011 3299 1092 με’γα
3343 1010 3568 1089 μικρόν.
3620 1050 3690 1062 —-·
3747 1018 3827 1078 65
3882 1020 3941 1077 Τι’
3986 1019 4150 1076 ἐστιν
4195 1012 4282 1087 ῶς

631 1130 782 1211 πρός
826 1154 879 1191 τι
927 1128 1093 1211 510⁹,-
1139 1127 1205 1191 τὸ
1251 1126 1436 1209 πρὸς.
1464 1179 1477 1192 .
1504 1178 1518 1193 .
1545 1179 1559 1193 .
1586 1134 1692 1208 [z
1719 1127 1848 1213 Ev]
1874 1176 1888 1192 .
1914 1177 1929 1192 .
1956 1178 1969 1191 .
1997 1177 2011 1191 .
2044 1126 2179 1204 ζωή.
2224 1163 2310 1175 -
2358 1132 2437 1191 67
2473 1127 2572 1212 [In
2617 1128 3079 1192 enumeratione
3123 1123 3291 1186 εἰδῶν
3339 1126 3621 1192 dixerant
3667 1126 3736 1189 τό
3784 1128 3937 1187 κατὰ
3981 1127 4280 1209 διαφόρων

630 1242 838 1306 οὐσιῶν
881 1241 955 1306 τό
996 1239 1137 1306 αὐτὸ
1184 1242 1506 1324 λεγόμενον,
1550 1242 1710 1303 καθὸ
1754 1245 2011 1323 λέγονται
2057 1238 2132 1301 τά
2178 1240 2504 1323 ὁμώνυμοι]
2548 1275 2639 1288 ·-
2684 1244 2765 1303 69
2813 1240 2909 1319 [In
2956 1241 3415 1305 enumeratione
3462 1238 3632 1300 εἰδῶν
3678 1241 3745 1302 τὸ
3789 1239 3940 1303 κατιὶ
3984 1240 4280 1320 διαφόρων

631 1361 735 1436 μὲν
769 1359 853 1434 τῷ
890 1357 1155 1437 ἀριθμῷ,
1194 1361 1303 1435 τῆς
1340 1350 1530 1435 αότῆς
1567 1361 1629 1417 δὲ
1663 1344 1856 1427 οὐσίας
1899 1350 2079 1417 ὄντων
2120 1352 2190 1415 τὸ
2212 1351 2356 1415 αὑτό
2378 1353 2698 1434 λεγόμενον,
2729 1348 2893 1414 ‚mod
2929 1356 3184 1434 λέγονται
3216 1350 3287 1414 τοὶ
3311 1354 3663 1434 omnin-pa]
3701 1391 3780 1402 —
3814 1356 3990 1435 [Post.
4021 1353 4104 1427 ιός
4135 1354 4283 1435 πρός

632 1494 687 1532 τι
734 1470 864 1551 ἔχον
908 1472 1306 1554 subsequitur
1354 1467 1617 1553 ἐθνικόν]
1668 1472 1745 1532 76
1798 1474 1857 1531 Τί
1905 1473 2056 1529 ἐστιν
2107 1466 2381 1543 &thensin
2428 1469 2656 1534 τὸ....
2694 1466 2984 1543 Γαλάτης.
3038 1505 3112 1514 -
3167 1472 3245 1531 76
3299 1469 3358 1530 Τί
3405 1475 3560 1530 ἐστιν
3608 1473 4059 1549 ἐρωτηματικόν,
4106 1468 4145 1533 6
4188 1479 4280 1535 καὶ

632 1584 940 1646 πευστικὸν
971 1587 1223 1666 λέγεται,·
1269 1579 1343 1645 τό
1373 1578 1677 1662 ἀπόκρισιν
1709 1580 1925 1658 ζητοιῗν
1957 1577 2296 1659 ὡρισμένην,
2325 1574 2461 1642 οἷον
2491 1586 2592 1653 τίς,
2624 1594 2804 1653 ποῖος,
2835 1579 3039 1657 πόσος,
3071 1585 3313 1660 πηλίκος
3344 1584 3614 1669 [πηλίκος
3642 1604 3760 1651 om.
3792 1587 3885 1650 ed.
3921 1587 4166 1667 Waldj.
4204 1626 4279 1636 —

637 1704 717 1762 77
771 1702 833 1762 Τί
875 1706 1027 1761 ἐστιν
1074 1694 1383 1779 α’όριστονς
1431 1698 1499 1758 τὸ
1545 1694 1628 1777 μή
1672 1696 1883 1774 δηλοῦν
1908 1694 2236 1773 ὡρισμένως
2266 1689 2303 1756 6
2332 1696 2486 1773 ζητεῖ
2515 1694 2584 1756 τό
2618 1698 3074 1775 ἐρωτηματικόν,
3104 1692 3242 1757 οἶον
3275 1692 3446 1771 ὅςτις,
3481 1698 3701 1771 ὁποῖος,
3732 1701 3971 1771 ὁπόσος.
4003 1738 4082 1748 -—
4113 1707 4192 1767 78
4223 1703 4284 1764 Τί

636 1819 790 1874 ἐστιν
836 1810 1224 1894 ἀναφορικόνς
1284 1812 1352 1874 τὸ
1400 1808 1550 1889 πρός
1595 1811 1790 1891 ἕτερον
1835 1804 2277 1888 ἀναφερόμενον
2326 1804 2362 1886 ἢ
2408 1809 2854 1887 ὁμοιωματικῶς
2897 1807 2935 1888 ἧ
2977 1813 3267 1881 δεικτικοῖς
3317 1807 3351 1888 ἤ
3395 1807 3899 1886 α’νταποδοτικῶς,
3945 1809 4084 1875 οἷον
4130 1809 4284 1887 οἶος,

636 1921 793 1999 ὅσος.
830 1964 910 1974 -—
949 1932 1033 1992 80
1070 1928 1143 1988 Τι’
1184 1931 1306 1988 ἐστι
1350 1923 1800 2005 περιληπτικόν,·
1846 1923 1914 1985 τὸ
1958 1918 2028 1984 δι’
2072 1915 2261 1983 ἑνικοῦ
2306 1922 2572 2001 ἀριθμοῦ
2616 1925 2849 2001 πλῆθος
2894 1937 3191 2003 σημαῖνον,
3235 1920 3373 1988 οἷον
3405 1927 3604 2005 δῆμος,
3645 1926 3837 2009 χορός,
3883 1925 4072 2010 ὄχλος·
4110 1969 4185 1978 ·-
4225 1935 4283 1992 Τί

637 2045 792 2103 ἔστιν
838 2040 1343 2122 ἐπιμεριζόμενον;
1390 2042 1456 2100 τὸ
1506 2089 1519 2103 .
1571 2088 1583 2101 .
1633 2088 1645 2099 .
1694 2085 1706 2098 .
1752 2034 2052 2117 ἀναφοράν
2102 2034 2254 2099 κατοξ
2298 2042 2570 2116 διαίρεσιν
2617 2032 2654 2116 ἢ
2695 2035 2963 2117 σύναψιν,
3010 2035 3134 2099 οἷον
3183 2039 3398 2121 ἔτερος,
3442 2040 3735 2120 ἑκάτερος,
3781 2040 4043 2116 ἕκαστος,
4090 2042 4278 2115 ἄλλος.

634 2155 914 2237 ποσαχῶς
968 2154 1301 2234 μερίζονται
1361 2150 1441 2216 τοὶ
1500 2150 1977 2233 επιμεριζόμενα;
2055 2152 2372 2232 τετραχῶς·
2475 2149 2557 2224 εἷς
2612 2157 2675 2213 ἐκ
2721 2150 2847 2227 δύο,
2908 2150 2986 2223 ῶς
3050 2153 3267 2229 ἕτερος·
3357 2154 3459 2217 διὲο
3506 2156 3642 2217 καθ’
3693 2156 3809 2230 ἕνα,
3856 2157 3938 2228 ὡς
3982 2157 4279 2237 ἑκάτερος·

633 2264 700 2331 εἶ
706 2293 736 2341 ς
779 2274 844 2331 ἐκ
890 2270 1136 2343 πολλῶν,
1182 2264 1262 2341 ὥς
1302 2266 1498 2339 ἄλλος·
1566 2274 1660 2327 καὶ
1706 2270 1907 2328 πολλοὶ
1953 2261 2093 2328 καθ’
2139 2266 2255 2339 ἕνα,
2301 2266 2384 2337 ὡς
2427 2265 2690 2338 ἕκαστος.
2732 2300 2824 2316 —-
2866 2272 2947 2333 82
3008 2272 3077 2330 Τί
3122 2274 3246 2329 ἐστι
3292 2271 3684 2348 περιεκτικόν,·
3733 2271 3803 2334 τὸ
3849 2276 3907 2334 ἐν
3954 2271 4058 2349 μιᾷ
4105 2269 4282 2352 φωνῇ

631 2378 842 2462 δηλοῦν
886 2380 956 2446 τό
998 2387 1263 2464 περιέχον
1309 2386 1405 2444 καὶ
1451 2378 1524 2443 τό
1567 2380 1998 2461 περιεχόμενον,
2057 2376 2194 2443 οιόν
2237 2378 2495 2460 δαφνιόν,
2539 2381 2757 2445 κοιτών.
2822 2419 2905 2431 -
2970 2387 3031 2445 Τί
3076 2389 3233 2446 ἐστιν
3291 2381 3371 2455 ῶς
3430 2382 3787 2465 περιεκτικόν
3801 2412 3823 2456 ,-
3886 2380 4032 2466 ὅπερ
4093 2384 4281 2447 τύπον

630 2502 739 2579 μὲν
798 2497 914 2579 ἔχει
970 2495 1353 2577 περιεκτικοῦ,
1411 2500 1710 2575 ἑρμηνείαν
1767 2498 1827 2556 δὲ
1889 2498 1983 2554 καὶ
2028 2492 2267 2572 δύναμιν
2313 2487 2603 2573 οὐδαμῶς,
2649 2494 2777 2558 οἷον
2823 2493 3133 2558 α’κανθεῶν
3176 2502 3284 2577 μὲν
3331 2495 3706 2577 περιεκτικόν,
3750 2495 4028 2561 dna-reah
4072 2503 4128 2560 δὲ
4183 2506 4280 2559 καὶ

631 2610 852 2677 κυκεών
897 2609 981 2683 ῶς
1023 2608 1402 2691 περιεκτικόν.
1446 2647 1538 2658 --
1581 2614 1662 2675 83
1699 2614 1759 2673 Τί
1805 2614 1931 2670 ἐστι
1976 2610 2407 2688 πεποιημένοντ,
2453 2605 2520 2669 τό
2565 2656 2582 2676 .
2630 2661 2642 2673 .
2693 2661 2705 2673 .
2755 2661 2768 2676 .
2815 2607 2970 2691 ἤχων
3015 2608 3326 2689 ποιότητας
3370 2613 3699 2691 μιμητικῶς
3743 2663 3758 2679 .
3787 2662 3800 2675 .
3827 2662 3880 2678 ..
3928 2611 4284 2694 ὀρυγμαδός.

631 2765 712 2777 -
749 2733 834 2793 84
869 2732 928 2791 Τί
958 2732 1079 2788 ἐστι
1107 2723 1361 2809 γενικόν,·
1407 2721 1478 2786 τό
1522 2721 1838 2801 δυνάμενον
1886 2730 1969 2794 εἰς
2012 2722 2136 2802 εἴδη
2179 2725 2566 2805 διαιρεθῆναι,
2610 2718 2744 2787 οἶον
2775 2724 2941 2799 ζῶον,
2985 2723 3187 2804 φυτόν.
3223 2762 3303 2774 -—
3332 2731 3412 2791 85
3452 2731 3511 2789 Τι’
3550 2733 3701 2788 ἐστιν
3746 2726 3992 2799 εἰδικόνς
4039 2727 4107 2789 τό
4152 2724 4282 2791 ἀπό

628 2846 823 2924 γένους
866 2844 1156 2921 διαιρεθέν
1186 2888 1199 2900 .
1233 2887 1245 2900 .
1282 2893 1292 2904 .
1328 2892 1340 2904 .
1376 2841 1556 2903 ἐλαία.
1608 2875 1687 2885 -
1735 2842 1816 2902 86
1866 2843 1925 2900 Τι’
1971 2842 2089 2898 ἐστι
2131 2834 2426 2919 τακτικόν;
2474 2834 2544 2899 τό
2587 2885 2600 2898 .
2650 2888 2662 2901 .
2711 2888 2724 2901 .
2773 2888 2786 2900 .
2833 2838 3116 2919 δεύτερος.
3167 2876 3250 2889 —-
3295 2844 3378 2904 87
3416 2846 3475 2903 Τι’
3521 2848 3673 2902 ἐστιν
3721 2837 4155 2921 α’ριθμητικόνς
4203 2839 4283 2904 τό

631 2968 910 3036 σημαῖνον
969 2952 1227 3035 ἀριθμόν
1291 2950 1617 3041 [ἀριθμούς
1661 2952 1753 3019 ed.
1817 2952 1941 3037 pn]
2000 3002 2012 3016 .
2060 3000 2073 3013 .
2121 3003 2137 3018 .
2185 3000 2197 3014 .
2246 2965 2416 3032 τρεῖς.
2485 2989 2560 2999 -
2624 2956 2707 3017 88
2761 2957 2829 3013 Τί
2885 2957 3038 3013 ἐστιν
3082 2951 3548 3033 ἀπολελυμένον;
3613 2951 3645 3017 ὃ
3690 3004 3702 3017 .
3750 3006 3765 3020 .
3813 3005 3826 3018 .
3875 3007 3888 3020 .
3938 2951 4063 3020 οἷον
4109 2954 4281 3030 θεός,

631 3067 839 3151 λόγος,
898 3065 1167 3151 ἅγγελος.
1214 3103 1296 3115 -
1346 3072 1427 3134 89
1479 3072 1538 3131 Τι’
1583 3071 1702 3128 ἐστι
1745 3065 2256 3144 μετουσιαστικόν;
2304 3113 2317 3125 .
2370 3114 2382 3128 .
2429 3114 2441 3126 .
2489 3115 2503 3129 .
2552 3064 2808 3145 πύρινος,
2852 3068 3089 3139 λίθινος,
3137 3067 3382 3147 δρύϊνος.

2148 3271 2315 3277 ———
2333 3272 2594 3278 ——-——-
2617 3271 2772 3279 ⁴——

1050 3398 1137 3466 Et
1194 3402 1343 3478 Περὶ
1374 3395 1681 3477 ὀνόματος.
1716 3396 1881 3469 Αἴας
1911 3402 2080 3460 ποίου
2109 3403 2322 3476 μέρους
2352 3400 2525 3480 λόγου
2562 3404 2716 3461 ἐστίν
2732 3425 2755 3477 ,·
2789 3401 3093 3478 ὀνόματος.
3131 3406 3165 3464 2
3202 3405 3258 3462 τί
3290 3406 3447 3461 ἐστιν
3478 3396 3664 3480 ὄνομα
3680 3427 3702 3479 ;
3733 3405 3912 3482 μέρος
3943 3398 4116 3481 λόγου
4142 3452 4156 3466 .
4182 3451 4197 3468 .
4226 3453 4238 3466 .
4268 3450 4287 3467 .

633 3513 902 3578 Πλάτων.
952 3550 1033 3562 -
1083 3521 1123 3578 4
1155 3510 1345 3602 Πόσα,
1382 3511 1713 3594 παρέπεται
1743 3564 1757 3577 .
1790 3561 1808 3578 .
1840 3562 1855 3578 .
1887 3562 1903 3578 .
1951 3511 2211 3583 πτώσεις.
2247 3550 2326 3561 -
2362 3518 2398 3577 5
2431 3511 2611 3574 Πόσα
2655 3518 2824 3594 γένη,·
2871 3513 2951 3587 ἔξ·
2996 3508 3315 3592 ἀρσενικόν,
3362 3512 3646 3596 θηλυκόν,
3690 3512 4018 3593 οὐδέτερον,
4068 3513 4290 3590 κοινόν,

630 3641 913 3694 παντοῖον
973 3634 1071 3690 καὶ
1128 3629 1434 3690 ἐπίκοινον.
1526 3629 1589 3689 τί
1638 3633 1795 3690 ἐστιν
1857 3624 2202 3707 ιὶρσενικόν;
2266 3675 2284 3694 .
2329 3678 2343 3692 .
2392 3677 2406 3693 .
2453 3676 2467 3690 .
2517 3625 2697 3708 βῆμα.
2785 3631 2839 3688 τί
2899 3633 3018 3688 ἐστι
3078 3628 3270 3689 κοινὸν
3326 3632 3529 3707 yeme,-
3589 3623 3657 3692 οὗ
3714 3628 4105 3711 προτόσσεται
4147 3631 4285 3693 κατ’

628 3746 868 3808 εὐθεῖαν
925 3747 1019 3805 καὶ
1073 3741 1260 3820 ἑνικιῖν
1319 3742 1538 3804 πτῶσιν
1600 3747 1699 3803 καὶ
1755 3741 1823 3803 τὸ
1886 3743 1918 3802 6
1980 3739 2046 3802 τὸ
2108 3738 2343 3821 ἄρθρον
2401 3745 2495 3803 καὶ
2554 3741 2620 3804 τὸ
2670 3738 2722 3813 ἡ,
2783 3735 2919 3803 οἶον
2966 3744 2997 3805 6
3046 3738 3364 3822 ἅνθρωπος
3409 3748 3504 3804 καὶ
3553 3740 3586 3822 ἦ
3631 3741 3972 3826 ἅνθρωπος,
4019 3745 4052 3805 6
4104 3741 4290 3819 ἵππος

630 3863 726 3922 καὶ
791 3855 822 3938 ἡ
882 3856 1080 3929 ἵππος.
1164 3857 1225 3918 τί
1278 3862 1401 3919 ἐστι
1459 3867 1737 3919 παντοῖον
1794 3861 1954 3938 γένος
1967 3881 1989 3934 ;
2051 3849 2128 3917 οι)Γ
2173 3852 2600 3935 προτάσσονται
2644 3855 2768 3918 κατ’
2819 3858 3068 3920 εὐθεῖαν
3112 3863 3208 3919 καὶ
3252 3859 3319 3920 τὸ
3370 3859 3402 3920 6
3448 3858 3515 3920 τὸ
3563 3853 3794 3939 ἄρθρον
3840 3864 3932 3920 καὶ
3981 3860 4051 3923 τὸ
4101 3860 4136 3939 ἡ
4185 3865 4287 3923 καὶ

627 3975 694 4036 τὸ
758 3971 849 4046 τό,
908 3968 1029 4034 οἷον
1085 3971 1118 4033 6
1183 3970 1491 4049 εὐδαίμων,
1549 3967 1581 4049 ἡ
1643 3970 1931 4049 εὐδαίμων
1991 3973 2089 4031 καὶ
2149 3970 2215 4032 τὸ
2277 3967 2571 4049 εὔδαιμον.
2671 3976 2727 4033 τί
2773 3977 2926 4033 ἐστιν
2974 3977 3267 4034 ἐπίκοινον
3309 3978 3469 4054 γένος
3483 3999 3507 4050 ,·
3570 3973 3637 4034 τὸ
3684 3970 3838 4052 μετά
3880 3973 4023 4053 μιᾶς
4068 4023 4088 4042 .
4133 4024 4150 4038 .
4196 4024 4212 4038 .
4271 4023 4291 4042 .

630 4094 735 4167 [z
770 4085 898 4171 Eb]
946 4137 960 4151 .
992 4135 1009 4152 .
1039 4136 1054 4150 .
1088 4136 1103 4150 .
1151 4083 1413 4166 χελιδών.
1459 4119 1540 4131 --
1588 4088 1779 4146 Ποίου
1823 4082 2009 4154 εἴδους
2053 4085 2210 4167 (scil.
2256 4084 2324 4146 τό
2361 4078 2522 4155 Αἴας
2567 4088 2749 4161 deni),-
2796 4082 3199 4165 πρωτοτύπου.
3248 4092 3284 4151 9
3310 4084 3470 4148 πόσα
3516 4085 3677 4166 εἴδη,·
3724 4084 3847 4168 δύο,
3894 4084 4283 4167 πρωτότυπον

629 4203 727 4264 καὶ
771 4197 1133 4281 παράγωγον.
1204 4202 1280 4264 10
1302 4202 1357 4259 τί
1402 4203 1528 4261 ἐστι
1571 4195 1996 4278 πρωτότυπον;
2043 4195 2115 4259 τό
2158 4193 2265 4260 oe'u'
2310 4194 2552 4268 ου’δενός
2597 4195 3014 4280 παραγόμενον,
3058 4194 3183 4262 οἷον
3205 4197 3347 4271 ποῖς.
3420 4206 3489 4264 ll
3531 4205 3588 4262 τί
3619 4206 3744 4263 ἐστι
3774 4197 4155 4283 παράγωγον;
4207 4199 4282 4262 τὸ

627 4309 757 4378 εἶπό
817 4336 971 4384 τινος
1030 4311 1458 4394 παραγόμενον,
1517 4306 1655 4375 οἷον
1714 4310 1928 4393 α’ρηϊος
1985 4313 2016 4374 6
2063 4311 2403 4391 πολεμικός,
2464 4308 2613 4393 ὅπερ
2659 4310 2948 4394 παρήχθη
2993 4311 3118 4376 ἀπό
3159 4313 3269 4376 τοῦ
3305 4310 3493 4394 Ἀρης
3539 4314 3571 4376 6
3616 4311 3894 4394 πόλεμος.
3947 4354 4014 4364 -
4072 4314 4279 4400 [Quae

627 4432 973 4511 sequuntur
1018 4426 1096 4492 de
1150 4444 1606 4510 paragogomm
1672 4428 2026 4512 speciebus,
2098 4429 2159 4493 in
2235 4428 2334 4494 his
2400 4428 2757 4494 erotematis
2816 4429 3026 4510 posita
3083 4435 3231 4495 sunt
3273 4429 3336 4495 in
3382 4426 3506 4495 fine
3548 4430 3801 4511 capitis,
3848 4428 4016 4512 quod
4061 4435 4160 4496 est
4200 4428 4286 4494 de

624 4541 877 4610 nomine
920 4539 1175 4623 eiusque
1216 4539 1650 4626 declinatione]
1745 4545 1821 4607 16
1878 4537 2078 4603 Πόσοι
2119 4591 2137 4606 .
2180 4591 2198 4608 .
2244 4590 2261 4607 .
2307 4591 2322 4607 .
2369 4544 2495 4619 δης,
2551 4532 2685 4603 οἶον
2741 4543 3102 4620 Πριαμίδης,
3156 4537 3189 4604 6
3234 4539 3341 4603 τοῦ
3384 4538 3664 4622 Πριάμου
3725 4539 3890 4617 υἱός,
3956 4539 3988 4604 6
4051 4546 4136 4613 εἰς
4181 4564 4286 4615 ων,

626 4647 768 4718 οἷον
811 4648 1107 4735 Ἀτρείων,
1151 4647 1185 4713 6
1230 4654 1316 4724 εἰς
1358 4655 1552 4726 αδιος,
1596 4645 1733 4716 οἶον
1775 4649 2105 4734 Ὑρριέδιος,
2154 4654 2186 4716 6
2227 4656 2331 4717 τοῦ
2367 4649 2565 4735 ’Υρρα
2608 4665 2765 4725 παῖς.
2863 4660 2940 4720 18
2986 4651 3164 4717 πόσοι
3209 4703 3224 4718 .
3269 4704 3286 4720 .
3331 4702 3345 4716 .
3394 4704 3410 4720 .
3454 4680 3528 4730 ις,
3572 4651 3711 4719 οἶον
3758 4661 4042 4738 Πριαμίς,
4086 4651 4126 4734 η“
4174 4654 4282 4717 τοῦ

624 4762 911 4848 Πριάμου
971 4762 1265 4846 θυγάτηρ,
1322 4765 1356 4827 6
1400 4769 1483 4837 εἰς
1525 4789 1615 4838 ας,
1658 4760 1727 4828 οἶ
1730 4789 1796 4829 ον
1838 4766 2090 4843 Πελιάς,
2136 4769 2172 4847 ἡ
2214 4766 2319 4831 τοῦ
2363 4770 2609 4843 Πελίου,
2653 4770 2753 4829 καὶ
2798 4767 2831 4829 6
2875 4772 2958 4839 εἰς
3000 4791 3087 4845 νη,
3131 4762 3252 4829 οἷον
3294 4763 3657 4850 Ἀδρηστίνη,
3703 4766 3738 4851 ἡ
3781 4768 3890 4833 τοῦ
3928 4768 4281 4847 Ἀδράστου.

627 4886 814 4948 —28
842 4879 1037 4944 Πόσοι
1078 4877 1258 4944 τόποι
1301 4880 1413 4943 τῶν
1457 4872 1866 4962 συγκριτικῶνς
1909 4895 2081 4962 τρεῖς·
2128 4880 2161 4946 6
2207 4888 2292 4955 εἰς
2338 4904 2540 4964 τερος,
2585 4874 2728 4944 οἶον
2771 4880 3077 4962 ὀξύτερος,
3122 4878 3156 4943 6
3200 4886 3283 4953 εἰς
3327 4906 3428 4958 ων,
3480 4879 3619 4946 οἶον
3664 4886 3926 4958 καλλίων,
3969 4889 4067 4946 καὶ
4113 4883 4146 4945 6
4193 4889 4284 4956 εἰς
