4652 5908
2428 411 2510 469 30

2151 498 2162 507 x
2176 494 2372 509 ,κΝν-κ.
2388 494 2441 507 “·-“
2459 493 2522 509 sxa
2540 494 2618 507 ursa
2641 494 2725 505 -<--1
2740 497 2758 506 κ

777 697 788 705 .
1053 617 1138 682 Et
1246 621 1315 678 Τι’
1377 622 1497 679 ἐστι
1545 616 1744 697 ῥῆμα,
1803 622 1984 695 μέρος
2033 665 2044 678 .
2094 666 2104 677 .
2153 664 2165 676 .
2213 664 2225 675 .
2274 615 2383 701 [z
2432 614 2559 699 Εὖ]
2608 665 2621 678 .
2671 666 2682 677 .
2733 664 2746 677 .
2796 664 2807 677 .
2856 615 3032 692 δηλοῖ.
3081 651 3165 662 -
3216 618 3252 677 3
3306 616 3480 675 Πόσα
3526 617 3849 690 παρέπεται
3897 618 3984 689 τῷ
4035 612 4291 691 brimeu,-

638 729 809 794 ὀκτώ·
871 728 1163 803 διάθεσις,
1228 727 1468 812 χρόνος,
1527 730 1800 810 ἔγκλισις,
1860 729 2050 803 εἶδος,
2112 728 2339 810 σχῆμα,
2397 730 2658 809 συζυγία,
2702 724 3015 804 πρόςωπον
3061 731 3155 788 καὶ
3203 723 3463 806 α’ριθμός
3508 728 3635 809 [qui
3684 727 3837 791 ordo
3884 727 4290 791 accidentium

639 849 820 911 etiam
880 847 942 910 in
1001 846 1397 927 sequentibus
1458 850 1785 922 Servaturj.
1833 850 2005 909 —-4
2049 840 2250 904 Πόσαι
2319 845 2629 921 ἐγκλίσεις,·
2701 890 2714 903 .
2766 891 2779 905 .
2827 888 2840 901 .
2890 889 2901 901 .
2937 844 3064 913 ,καὶ
3131 836 3579 920 άπαρέμφατος.
3675 842 3732 900 τί
3796 846 3949 901 ἐστιν
4008 840 4291 919 ἔγκλισις,-

636 957 904 1040 βούλημα
963 1007 975 1021 .
1024 1008 1037 1020 .
1084 1008 1097 1021 .
1146 1005 1159 1018 .
1217 939 1677 1037 σημαινόμενον.
1781 956 1903 1019 ἔστι
1970 961 2031 1019 δὲ
2103 963 2201 1017 καὶ
2269 954 2597 1036 προςιόπων
2666 953 2969 1032 δηλωτική.
3083 959 3250 1036 [post
3316 956 3837 1019 enumerationem
3895 956 4288 1036 *modorumss

640 1072 670 1150 ἡ
727 1078 789 1134 δὲ
848 1072 1272 1151 ἀπαρέμφατος
1330 1071 1397 1131 οὐ
1457 1073 1666 1150 κυρίως
1722 1070 1981 1152 ἔγκλισις,
2037 1067 2189 1132 α’λλοὲ
2221 1063 2721 1150 καταχρηστικῶς,
2770 1073 2893 1131 ἐπεὶ
2941 1064 3008 1129 ού
3055 1068 3328 1147 βούλημα
3372 1062 3569 1150 ψυχῆς
3612 1071 3796 1142 δηλοῖ.
3844 1105 3925 1116 -
3976 1077 4011 1133 5
4065 1071 4129 1130 Τί
4172 1076 4290 1130 ἐστι

640 1185 909 1258 διάθεσις
921 1211 944 1258 ,·
1002 1191 1203 1263 δριῖσις
1248 1233 1262 1249 .
1314 1234 1327 1248 .
1375 1235 1390 1249 .
1438 1234 1451 1247 .
1501 1186 1607 1269 [z
1656 1185 1781 1266 Eb]
1830 1231 1841 1245 .
1890 1234 1902 1247 .
1951 1235 1963 1247 .
2016 1236 2029 1250 .
2076 1184 2393 1264 πάσχουσα.
2498 1184 2667 1252 ποίας
2725 1187 3041 1252 διαθέσεως
3099 1183 3255 1266 (scil.
3300 1181 3556 1262 τύπτω);
3616 1180 3994 1262 ἐνεργητικής,
4100 1186 4291 1259 δαιτί,-

638 1303 789 1362 διότι
856 1304 939 1369 εἰς
1006 1324 1052 1359 ω
1119 1299 1298 1377 λῆγον
1345 1311 1499 1359 ποιεῖ
1545 1298 1608 1370 ἐξ
1654 1294 1832 1359 αύτοῦ
1876 1295 2224 1375 παθητικόν.
2319 1301 2495 1367 ποίας
2537 1299 2893 1367 διαθέσεως-ς
2954 1297 3308 1373 παθητικῆς.
3399 1300 3587 1373 διατί,·
3644 1294 3791 1359 διότι
3839 1301 3923 1366 εἰς
3966 1320 4071 1373 μαι
4116 1295 4289 1375 λῆγον

641 1410 979 1491 παθητικήν
1025 1417 1314 1489 σημασίαν
1359 1411 1486 1492 ἔχει.
1554 1413 1726 1480 ποίας
1770 1415 2127 1480 διαθέσεωςς
2176 1409 2500 1488 οὐδετέρου.
2549 1412 2729 1488 διατί;
2793 1409 2940 1470 διότι
2972 1416 3051 1480 εἰς
3096 1435 3141 1470 ω
3173 1411 3347 1490 λῆγον
3393 1406 3523 1471 οὔτε
3569 1414 3851 1490 ἐνέργειαν
3897 1406 4033 1472 οὔτε
4080 1407 4287 1479 πάθος

640 1533 922 1606 σημαίνει,
982 1520 1108 1586 οἶόν
1173 1532 1300 1586 ἐστι
1358 1522 1427 1585 τό
1486 1523 1579 1596 ζῶ,
1639 1523 1889 1596 πλουτώ,
1959 1522 2244 1601 κάθημαι,
2306 1523 2557 1606 ὑπάρχω.
2652 1530 2825 1594 ποίας
2884 1523 3233 1594 διαθε’σεως,·
3296 1522 3503 1599 κοινῆς.
3594 1528 3778 1594 διατί;
3838 1520 3984 1584 διότι
4042 1527 4124 1594 εἰς
4186 1546 4287 1601 μαι

638 1645 813 1723 λῆγον
874 1644 1016 1702 ποτὲ
1089 1643 1196 1718 μὲν
1259 1641 1562 1717 ἐνέργειαν,
1619 1642 1757 1698 ποτὲ
1821 1641 1879 1698 δὲ·
1941 1634 2142 1707 πάθος
2201 1640 2384 1718 δηλοῖ,
2453 1635 2575 1700 οἶόν
2633 1643 2750 1698 ἐστι
2810 1637 2877 1697 τὸ
2936 1616 3232 1718 βιάζομαι,
3296 1636 3619 1714 κομίζομαι,
3678 1635 4013 1714 κολάζομαι.
4114 1643 4287 1707 ποίας

640 1759 960 1824 διαθέσεως
977 1779 996 1825 ,-
1057 1751 1450 1834 μεταβατικῆς
1508 1749 1863 1828 παθητικῆς.
1953 1754 2140 1827 διατί,
2200 1750 2354 1812 διότι
2412 1757 2491 1821 εἰς
2550 1774 2655 1828 μαι
2714 1753 2883 1832 λῆγον
2946 1749 3306 1831 ε’νεργητικὴν
3351 1756 3642 1828 σημασίαν
3689 1751 3823 1831 ἔχει,
3878 1745 4005 1812 οἶόν
4052 1757 4177 1813 ἐστι
4220 1751 4284 1811 τὸ

641 1869 901 1948 ἔρχομαι,
968 1864 1312 1945 πορεύομαι.
1420 1867 1588 1935 ποίας
1658 1867 2015 1935 διαθέσεως;
2084 1865 2475 1946 μεταβατικῆς
2542 1868 2927 1945 ε’νεργητικῆς.
2998 1868 3179 1944 διατί;
3244 1866 3387 1925 διότι
3458 1868 3539 1934 εἰς
3601 1888 3646 1924 ω
3715 1865 3887 1944 λῆγον
3957 1865 4285 1943 παθητικὴν

639 1987 926 2059 σημασίαν
1001 1981 1134 2061 ἔχει,
1210 1976 1333 2042 οἷόν
1410 1984 1527 2039 ἐστι
1608 1978 1674 2038 τὸ
1754 1977 2098 2056 ὀφθαλμιώ,
2176 1978 2456 2058 ἐρυθριῶ,
2529 1977 2701 2057 ἀλγοῖ,
2776 1977 3040 2056 θνησκω.
3115 2016 3189 2025 —-
3269 1984 3306 2043 8
3356 1984 3545 2040 Ποίου
3592 1977 3779 2048 εἴδους
3834 1981 3987 2054 (scil.
4031 1976 4286 2061 dmm),-

639 2094 1044 2171 πρωτοτύπου.
1136 2099 1188 2154 τί
1251 2099 1405 2154 ἐστιν
1466 2091 1650 2169 εἳδος,·
1718 2091 1913 2172 φωνῆς
1975 2090 2149 2154 εἰκών
2210 2090 2316 2171 τήν
2364 2087 2573 2154 ἑαιιίὀῖ1
2634 2094 2883 2170 δηλοῖσα
2928 2091 3169 2171 πρώτην
3218 2089 3253 2170 ἢ
3297 2096 3566 2170 δευτέραν
3611 2099 3822 2173 σχέσιν.
3916 2095 4075 2154 πόσα
4122 2090 4286 2171 sah,-

600 2208 763 2281 ,δι’-ο,
822 2205 1211 2288 πρωτότυπον
1270 2210 1370 2267 καὶ
1432 2204 1802 2287 παράγωγον.
1894 2213 1947 2267 τί
2010 2213 2130 2268 ἐστι
2188 2207 2606 2284 πρωτότυποι·,·
2671 2208 2740 2268 τὸ
2788 2205 2875 2284 μη
2921 2206 3049 2286 ἔχον
3095 2206 3483 2286 προκάταρξιν
3529 2205 3636 2284 τῆς
3682 2205 3895 2267 ἑαυτοῦ
3944 2206 4286 2286 γεννήσεως,

640 2321 765 2384 οἷον
832 2318 1004 2399 ἄρδω.
1108 2323 1164 2381 τί
1231 2326 1353 2380 ἐστι
1425 2318 1816 2400 παράγωγον,·
1886 2321 1951 2380 τὸ
2020 2319 2139 2381 ιέπό
2209 2343 2362 2391 τινος
2407 2322 2831 2400 παραγόμενον,
2877 2319 3000 2383 οἷον
3047 2316 3288 2398 α’ρδεύω.
3332 2356 3422 2367 -
3469 2327 3503 2384 9
3556 2324 3742 2380 [lodov
3788 2317 4091 2400 σχήματος
4136 2323 4287 2405 (scil.

638 2434 894 2519 τύπτω),
956 2432 1169 2497 ἁπλοῦ.
1263 2440 1317 2495 τί
1377 2439 1501 2496 ἐστι
1558 2433 1748 2515 σχῆμα
1763 2459 1785 2511 ,·
1847 2434 2058 2508 λέξεσιν
2115 2434 2378 2513 ποσότης
2433 2434 2528 2512 ὑφ’
2594 2434 2691 2495 ἕνα
2747 2433 2913 2495 τόνον
2975 2438 3066 2494 καὶ
3127 2437 3184 2493 ἰν
3241 2433 3467 2511 πνεῦμα
3512 2432 3878 2504 ιέδιαστάτως
3925 2434 4181 2516 ἀγομένη
4228 2440 4289 2495 ἐν

639 2547 934 2628 άπλότητι
995 2545 1034 2626 η’
1094 2548 1386 2611 συνθέσει.
1478 2546 1634 2608 πόσα
1680 2547 1990 2628 σχήματας
2053 2551 2181 2625 τρία
2227 2597 2242 2612 .
2293 2597 2306 2611 .
2355 2597 2365 2607 .
2415 2599 2429 2613 .
2477 2544 2945 2626 παρασύνθετον.
3043 2552 3097 2608 τί
3144 2553 3300 2608 ἐστιν
3345 2544 3569 2607 ‹inani-v
3616 2545 3857 2627 σχῆμα,
3917 2549 3984 2608 τὸ
4038 2555 4103 2608 ἐκ
4149 2547 4294 2626 μιιές

639 2666 847 2739 λέξεως
906 2664 1298 2744 συγκείμενον,
1362 2659 1481 2723 οἷον
1539 2661 1755 2740 φρονῶ.
1862 2667 1917 2723 τί
1977 2667 2101 2723 ἐστι
2165 2659 2499 2731 σύνθετον,·
2561 2662 2625 2723 τὸ
2691 2665 2752 2720 ἐκ
2809 2658 2913 2721 δύο
2974 2659 3183 2733 λέξεων
3241 2659 3668 2737 συνιστάμενον,
3730 2656 3852 2722 οἷον
3914 2665 4285 2741 καταφρονῶ.

637 2783 691 2838 τί
741 2784 858 2839 ἐστι
904 2774 1387 2855 παρασύνθετον,·
1432 2775 1497 2837 τὸ
1547 2771 1667 2837 α’πὸ
1716 2781 2003 2836 συνθέτου
2051 2775 2472 2856 παραγόμενον,
2519 2767 2641 2837 οἶον
2687 2773 3019 2854 φιλιππίζω.
3066 2810 3152 2821 -
3212 2780 3275 2838 ll
3330 2777 3517 2834 Hoesov
3549 2772 3812 2853 ἀριθμοῦ
3844 2776 3996 2859 (scil.
4027 2774 4291 2856 τύπτω);

639 2890 847 2953 ἑνικοῦ.
941 2892 1001 2950 τί
1057 2895 1206 2951 ἐστιν
1267 2888 1556 2968 ἀριθμός;
1615 2893 1827 2968 σωρεία
1871 2888 2136 2967 μονάδων
2182 2886 2224 2968 ἤ
2266 2889 2534 2969 μονάδων
2577 2889 2866 2960 σύνθεσις.
2969 2885 3142 2949 πόσοι
3187 2887 3475 2967 ἀριθμοί;
3524 2901 3680 2969 τρεῖς
3728 2939 3739 2950 .
3789 2936 3800 2948 .
3849 2937 3861 2948 .
3914 2939 3925 2951 .
3972 2887 4291 2968 τύπτομεν.

641 3042 723 3053 --
778 3011 851 3071 12
902 3009 1089 3066 Ποίου
1130 3006 1451 3082 ’προςαίπου
1498 3004 1652 3086 (scil.
1701 3001 1955 3086 τύπτω);
2000 3000 2255 3080 πρώτου.
2347 3003 2507 3065 πόσα
2552 3004 2872 3085 πρόςωπα,·
2919 3005 3051 3080 τρία
3097 3050 3108 3061 .
3158 3051 3168 3062 .
3221 3056 3234 3068 .
3283 3052 3293 3063 .
3343 3009 3439 3062 καὶ
3484 3006 3693 3082 τρίτον.
3782 3009 3838 3063 τί
3886 3008 4010 3065 ἐστι
4054 3003 4296 3083 πρῶτον

640 3121 982 3198 πρόςωπον,·
1043 3119 1192 3190 λέξις
1252 3166 1263 3178 .
1314 3166 1324 3177 .
1374 3164 1385 3178 .
1435 3165 1446 3178 .
1497 3118 1603 3202 [⁶:-
1653 3117 1775 3198 Eb]
1825 3166 1838 3178 .
1886 3165 1898 3176 .
1948 3165 1959 3176 .
2010 3170 2020 3181 .
2080 3119 2222 3197 λέγει
2284 3123 2516 3189 ἐκεῖνος.
2584 3157 2664 3167 -
2723 3121 2911 3181 Ποιόυ
2970 3116 3180 3198 χρόνου
3242 3119 3395 3199 (scil.
3456 3120 3713 3199 τύπτω),·
3777 3123 4103 3191 ἐνεστῶτος.
4240 3125 4299 3180 τί

641 3240 759 3294 ἐστι
805 3231 1051 3314 χρόνος,
1114 3228 1145 3309 ἡ
1192 3234 1292 3309 τῆς
1361 3237 1595 3293 αἰωνίου
1662 3228 1883 3308 ῥύσεως
1953 3234 2197 3297 ἐπίνοια,
2290 3232 2320 3290 ό
2392 3232 2594 3312 χρόνος
2660 3237 2716 3294 δὲ
2787 3236 3099 3311 διαιρεῖται
3159 3237 3243 3302 εἰς
3304 3235 3464 3312 τρία,
3525 3237 3608 3302 εἰς
3666 3234 3731 3293 τὸ
3796 3231 4098 3303 ἐνεστώς.
4151 3284 4163 3295 .
4213 3282 4225 3294 .
4278 3286 4295 3300 .

641 3354 746 3426 [z
795 3346 919 3425 ΕΒ]
968 3397 980 3409 ,
1032 3394 1042 3406 ,
1092 3393 1103 3405 ,
1155 3395 1167 3407 ,
1216 3343 1387 3423 πάθη
1433 3341 1632 3427 χρόνοι
1675 3391 1687 3405 .
1736 3391 1746 3402 .
1799 3395 1811 3408 .
1861 3392 1871 3403 .
1920 3343 2098 3422 μήπω
2143 3343 2411 3424 γεγονιός.

1056 3693 1692 3763 DIONYSIUS
1737 3693 1786 3783 S
1842 3693 1961 3759 14.
2040 3698 2284 3755 ΠΕΡΙ
2328 3697 2530 3756 ΣΥΖ
2554 3697 2785 3755 ΥΓΙΑ
2803 3700 2875 3759 Σ.
2942 3696 3202 3776 Συζυγία
3254 3702 3406 3758 ἐστὶν
3439 3693 3775 3766 α’κόλουθος
3809 3693 4079 3776 ῥημάτων

640 3815 830 3883 κλίσις.
921 3814 1027 3873 εἰσὶ
1070 3815 1129 3871 δὲ
1178 3811 1442 3891 συζυγίαι
1472 3808 1809 3891 βαρυτόνων
1840 3814 1944 3888 μὲν
1975 3807 2257 3887 ῥημάτων
2292 3808 2370 3881 ἔξ,
2416 3801 2495 3869 ὦν
2528 3805 2562 3885 ἡ
2594 3811 2697 3885 μὲν
2726 3809 2927 3889 πρώτη
2959 3810 3268 3891 ἐκφέρεται
3298 3808 3391 3872 διά
3423 3814 3523 3871 τοῦ
3555 3814 3595 3890 β
3626 3807 3663 3887 ἦ
3693 3833 3735 3890 φ
3773 3807 3807 3888 ἢ
3836 3833 3881 3871 π
3913 3805 3949 3889 ἢ
3980 3832 4079 3882 πτ,

639 3922 760 3986 οἷον
806 3926 993 4006 λείβω,
1058 3921 1285 4005 γράφω,
1353 3927 1568 4004 τέρπω,
1637 3924 1838 3986 κόπτω
1887 3925 2002 4010 [Sic
2048 3924 2299 4002 GVHA,
2348 3946 2392 3983 π
2437 3919 2476 4000 ἢ
2522 3946 2566 4002 φ
2612 3931 2675 3988 et
2716 3927 2932 4002 τέρπου,
2980 3922 3181 4005 γράφω
3230 3926 3351 4004 ΒΤ,
3400 3926 3624 3990 desunt
3670 3924 3834 4008 ML].
3923 3920 3963 4001 ’1‘
4012 3926 4077 3985 δὲ

636 4041 882 4117 δευτέρα
927 4034 1023 4100 διά
1066 4032 1174 4099 τοῦ
1223 4062 1256 4118 γ
1303 4034 1349 4116 η”
1394 4063 1427 4097 κ
1474 4033 1512 4116 ἢ
1555 4061 1588 4118 χ
1630 4033 1678 4116 ἤ
1721 4060 1818 4112 κτ,
1866 4034 1991 4099 οἷον
2037 4036 2218 4118 λε’γω,
2265 4041 2489 4110 πλέκω,
2534 4042 2732 4117 τρέχω,
2778 4043 2973 4100 τίκτω.
3023 4014 3031 4024 ⁹
3070 4038 3103 4116 ἡ
3147 4043 3210 4098 δὲ
3255 4043 3418 4118 τρίτη
3463 4035 3562 4100 διά
3608 4044 3710 4100 τοῦ
3757 4044 3790 4099 δ
3823 4034 3853 4116 ἢ
3886 4047 3931 4099 θ
3962 4032 4007 4115 η’
4035 4060 4082 4109 τ,

639 4149 760 4213 οἷον
807 4148 967 4229 ᾄδω,
1025 4149 1277 4230 πλήθω,
1336 4148 1522 4213 ‹irim›
1579 4155 1654 4232 [θ
1697 4148 1737 4229 ἢ
1783 4151 1891 4213 δύο
1939 4176 2006 4212 ττ
2053 4161 2113 4217 et
2157 4147 2377 4213 άνύττω
2429 4152 2642 4232 VHA].
2757 4152 2790 4223 ἡ
2833 4156 2894 4214 δὲ
2941 4150 3197 4232 τετάρτη
3244 4151 3343 4214 διά
3387 4153 3490 4215 τοῦ
3537 4154 3566 4226 ζ
3610 4149 3649 4231 ἢ
3696 4152 3813 4213 τῶν
3858 4150 3967 4213 δυό
4014 4171 4084 4211 σσ
4263 4160 4309 4217 5

639 4267 781 4343 [τῶν
826 4283 945 4330 om.
993 4264 1145 4349 BT]‚
1192 4261 1314 4327 οἷον
1362 4261 1584 4345 φράζω,
1628 4261 1837 4338 νύσσω,
1883 4262 2129 4345 όρόσσω.
2219 4261 2256 4343 ἠ
2304 4269 2372 4327 δὲ
2421 4267 2655 4343 πέμπτη
2702 4263 2797 4326 διά
2840 4263 2955 4326 τῶν
3000 4262 3300 4348 τεσσάρων
3348 4264 3737 4347 άμεταβόλων
3783 4269 3815 4327 λ
3859 4291 3903 4343 μ
3948 4291 3979 4327 ν
4025 4291 4080 4345 ρ,

639 4374 760 4439 οἷον
820 4375 1038 4450 πάλλω,
1094 4379 1269 4456 νέμω,
1330 4382 1522 4460 κρίνω,
1578 4385 1816 4459 σπείρω.
1910 4376 1949 4457 η’
2007 4381 2067 4439 δὲ
2130 4379 2267 4455 ἕκτη
2330 4376 2430 4439 διά
2475 4377 2746 4460 καθαροῦ
2790 4381 2893 4441 τοῦ
2937 4404 3001 4453 ω,
3058 4376 3180 4443 οἷον
3240 4378 3489 4456 ἱππεύω,
3552 4384 3734 4454 πλέω,
3790 4377 4084 4462 βασιλεύω

641 4487 870 4572 [άκούω
925 4491 1066 4557 add.
1127 4492 1346 4575 VHA].
1480 4497 1627 4565 τινὲς
1683 4497 1748 4555 δὲ
1811 4497 1908 4555 καὶ
1967 4490 2220 4574 ἑβδόμην
2282 4493 2545 4573 συζυγίαν
2607 4490 2927 4573 εἱςάγουσιν
2989 4491 3083 4555 διά
3140 4496 3243 4556 τοῦ
3302 4495 3334 4567 ξ
3394 4500 3487 4556 καὶ
3547 4513 3620 4571 ψ,
3699 4491 3821 4557 οἷον
3877 4494 4083 4568 ἀλέξω,

640 4604 790 4684 ἕψω.
843 4642 915 4652 -
967 4609 1444 4683 Περισπωμένων
1503 4610 1567 4667 δὲ
1627 4605 1899 4685 ῥημάτων
1960 4608 2221 4687 συζυγίαι
2281 4609 2388 4667 είσὶ
2453 4618 2645 4687 τρεῖς,
2703 4601 2787 4668 οἷν
2833 4604 2870 4685 ἡ
2914 4612 3018 4686 μὲν
3063 4608 3265 4689 πρώτη
3315 4613 3629 4689 ἐκφέρεται
3676 4612 3770 4669 ἐπὶ
3817 4612 4125 4688 δευτέρου’

638 4722 734 4780 καὶ
782 4723 982 4798 τρίτου
1027 4715 1342 4798 προςιόπου
1389 4718 1486 4782 διά
1530 4720 1634 4797 τῆς
1678 4743 1725 4781 ει
1771 4720 2111 4803 διφθόγγου,
2157 4717 2281 4782 οἶον
2329 4718 2443 4785 νοῶ
2488 4732 2641 4791 νοεῖς
2685 4734 2821 4786 νοεῖ.
2911 4722 2947 4799 ἡ
2990 4726 3053 4784 δὲ
3100 4726 3341 4804 δευτέρα
3384 4721 3486 4784 διά
3528 4725 3634 4801 τῆς
3666 4745 3705 4799 ᾳ
3739 4720 4076 4803 διφθόγγου
4218 4729 4308 4788 10

641 4828 1159 4914 προςγραᾳομέιόι·
1219 4830 1330 4895 τοῦ
1373 4857 1390 4894 ι
1436 4835 1567 4919 [μὲν
1614 4839 1722 4896 τοῦ
1769 4858 1788 4895 ι
1835 4835 2106 4916 BVHA]‚
2171 4835 2236 4896 οὐ
2295 4841 2855 4913 συνεκφωνουμένου
2912 4836 2985 4897 δέ
3021 4835 3125 4914 [μὴ
3169 4855 3282 4918 pro
3330 4838 3395 4899 οὐ
3440 4838 3722 4921 TVHAJ,
3787 4833 3906 4899 οἷον
3954 4828 4081 4917 βοῶ

639 4946 789 5028 βοᾷς
859 4956 991 5028 βοᾷ.
1109 4946 1139 5024 ἡ
1207 4949 1278 5011 δὲ
1346 4952 1506 5028 τρίτη
1577 4948 1671 5010 διά
1741 4941 1845 5028 τῆς
1911 4972 1963 5011 οι
2029 4946 2378 5030 διφθόγγου,
2448 4947 2570 5012 οἷον
2636 4947 2831 5030 χρυσῶ
2894 4962 3128 5030 χρυσοῖς
3193 4963 3410 5030 χρυσοῖ.
3475 4989 3557 5000 —
3619 4943 3743 5013 Τῶν
3791 4953 3850 5011 δὲ
3898 4954 3979 5021 εἱς
4022 4974 4087 5028 μι

4309 0 4356 13 ’-
