<?xml version="1.0" encoding="UTF-8"?>
<!DOCTYPE html PUBLIC "-//W3C//DTD XHTML 1.0 Transitional//EN"
    "http://www.w3.org/TR/xhtml1/DTD/xhtml1-transitional.dtd">
<html xmlns="http://www.w3.org/1999/xhtml" xml:lang="en" lang="en">
 <head>
  <title>
</title>
<meta http-equiv="Content-Type" content="text/html;charset=utf-8" />
  <meta name='ocr-system' content='tesseract 3.04.00' />
  <meta name='ocr-capabilities' content='ocr_page ocr_carea ocr_par ocr_line ocrx_word'/>
</head>
<body>
  <div class='ocr_page' id='page_1' title='image "./erotematagramma00ehengoog_0027.png"; bbox 0 0 4652 5908; ppageno 0'>
   <div class='ocr_carea' id='block_1_1' title="bbox 13 0 1019 19">
    <p class='ocr_par' dir='ltr' id='par_1_1' title="bbox 13 0 1019 19">
     <span class='ocr_line' id='line_1_1' title="bbox 13 0 1019 19; baseline -0.003 -9"><span class='ocrx_word' id='word_1_1' title='bbox 13 0 457 19; x_wconf 48' lang='grc' dir='ltr'><strong><em>τῇ</em></strong></span> <span class='ocrx_word' id='word_1_2' title='bbox 497 0 680 10; x_wconf 46' lang='lat' dir='ltr'><strong><em>*uu—*⁷</em></strong></span> <span class='ocrx_word' id='word_1_3' title='bbox 756 1 800 5; x_wconf 37' lang='grc' dir='ltr'><strong><em>νβ</em></strong></span> <span class='ocrx_word' id='word_1_4' title='bbox 837 1 859 4; x_wconf 92' lang='grc'>-</span> <span class='ocrx_word' id='word_1_5' title='bbox 960 1 1019 5; x_wconf 23' lang='grc' dir='ltr'><strong><em>*ἡ</em></strong></span> 
     </span>
    </p>
   </div>
   <div class='ocr_carea' id='block_1_2' title="bbox 2148 414 2228 474">
    <p class='ocr_par' dir='ltr' id='par_1_2' title="bbox 2148 414 2228 474">
     <span class='ocr_line' id='line_1_2' title="bbox 2148 414 2228 474; baseline -0.038 0"><span class='ocrx_word' id='word_1_6' title='bbox 2148 414 2228 474; x_wconf 99' lang='grc'><strong><em>23</em></strong></span> 
     </span>
    </p>
   </div>
   <div class='ocr_carea' id='block_1_3' title="bbox 1879 498 1942 511">
    <p class='ocr_par' dir='ltr' id='par_1_3' title="bbox 1879 498 1942 511">
     <span class='ocr_line' id='line_1_3' title="bbox 1879 498 1942 511; baseline -0.032 0"><span class='ocrx_word' id='word_1_7' title='bbox 1879 501 1883 505; x_wconf 88' lang='grc'><em>·</em></span> <span class='ocrx_word' id='word_1_8' title='bbox 1894 498 1942 511; x_wconf 75' lang='grc' dir='ltr'>Λ</span> 
     </span>
    </p>
   </div>
   <div class='ocr_carea' id='block_1_4' title="bbox 1943 496 2326 513">
    <p class='ocr_par' dir='ltr' id='par_1_4' title="bbox 1943 496 2326 513">
     <span class='ocr_line' id='line_1_4' title="bbox 1943 496 2326 513; baseline 0 5395"><span class='ocrx_word' id='word_1_9' title='bbox 1943 496 2326 513; x_wconf 95' lang='lat' dir='ltr'><strong><em> </em></strong></span> 
     </span>
    </p>
   </div>
   <div class='ocr_carea' id='block_1_5' title="bbox 347 613 4015 2638">
    <p class='ocr_par' dir='ltr' id='par_1_5' title="bbox 347 613 4015 2638">
     <span class='ocr_line' id='line_1_5' title="bbox 347 613 4011 700; baseline -0.001 -21"><span class='ocrx_word' id='word_1_10' title='bbox 347 618 741 700; x_wconf 69' lang='grc' dir='ltr'><strong><em>Ἀριστάρχου</em></strong></span> <span class='ocrx_word' id='word_1_11' title='bbox 798 617 973 688; x_wconf 78' lang='grc' dir='ltr'><strong><em>οἶκος.</em></strong></span> <span class='ocrx_word' id='word_1_12' title='bbox 1069 618 1099 695; x_wconf 71' lang='grc' dir='ltr'><em>ἡ</em></span> <span class='ocrx_word' id='word_1_13' title='bbox 1149 621 1213 678; x_wconf 76' lang='grc' dir='ltr'><strong><em>δὲ</em></strong></span> <span class='ocrx_word' id='word_1_14' title='bbox 1261 616 1461 696; x_wconf 66' lang='grc' dir='ltr'><strong><em>δοτική</em></strong></span> <span class='ocrx_word' id='word_1_15' title='bbox 1507 617 1906 695; x_wconf 75' lang='grc' dir='ltr'><strong><em>ε’πισταλτικη,</em></strong></span> <span class='ocrx_word' id='word_1_16' title='bbox 1950 618 2099 680; x_wconf 90' lang='grc' dir='ltr'><strong><em>διότι</em></strong></span> <span class='ocrx_word' id='word_1_17' title='bbox 2147 620 2209 694; x_wconf 79' lang='grc' dir='ltr'><strong><em>ἐξ</em></strong></span> <span class='ocrx_word' id='word_1_18' title='bbox 2254 614 2442 695; x_wconf 73' lang='grc' dir='ltr'><strong><em>«ω’τῆς</em></strong></span> <span class='ocrx_word' id='word_1_19' title='bbox 2486 617 2763 694; x_wconf 72' lang='grc' dir='ltr'><strong><em>ποιοῦμεν</em></strong></span> <span class='ocrx_word' id='word_1_20' title='bbox 2808 613 2909 686; x_wconf 79' lang='grc' dir='ltr'><strong><em>τιὶς</em></strong></span> <span class='ocrx_word' id='word_1_21' title='bbox 2953 613 3143 685; x_wconf 78' lang='grc' dir='ltr'><strong><em>δόσεις</em></strong></span> <span class='ocrx_word' id='word_1_22' title='bbox 3189 622 3284 676; x_wconf 71' lang='grc' dir='ltr'><strong><em>καὶ</em></strong></span> <span class='ocrx_word' id='word_1_23' title='bbox 3330 614 3441 686; x_wconf 83' lang='grc' dir='ltr'><strong><em>τάς</em></strong></span> <span class='ocrx_word' id='word_1_24' title='bbox 3489 617 3833 688; x_wconf 80' lang='grc' dir='ltr'><strong><em>ἐπιστολάς,</em></strong></span> <span class='ocrx_word' id='word_1_25' title='bbox 3889 615 4011 679; x_wconf 83' lang='grc' dir='ltr'><strong><em>οἷον</em></strong></span> 
     </span>
     <span class='ocr_line' id='line_1_6' title="bbox 353 728 4010 813; baseline -0 -19"><span class='ocrx_word' id='word_1_26' title='bbox 353 729 718 812; x_wconf 75' lang='grc' dir='ltr'><strong><em>Ἀριστάρχῳ</em></strong></span> <span class='ocrx_word' id='word_1_27' title='bbox 752 735 979 810; x_wconf 86' lang='grc' dir='ltr'><strong><em>δίδωμι,</em></strong></span> <span class='ocrx_word' id='word_1_28' title='bbox 1007 729 1373 813; x_wconf 72' lang='grc' dir='ltr'><em>Ἀριστάρχῳ</em></span> <span class='ocrx_word' id='word_1_29' title='bbox 1407 735 1739 796; x_wconf 77' lang='grc' dir='ltr'><strong><em>ἐπιστέλλω.</em></strong></span> <span class='ocrx_word' id='word_1_30' title='bbox 1777 731 1809 811; x_wconf 77' lang='grc' dir='ltr'><em>ἡ</em></span> <span class='ocrx_word' id='word_1_31' title='bbox 1839 737 1899 794; x_wconf 79' lang='grc' dir='ltr'><strong><em>δὲ</em></strong></span> <span class='ocrx_word' id='word_1_32' title='bbox 1934 731 2223 809; x_wconf 70' lang='grc' dir='ltr'><strong><em>αἰτιατική</em></strong></span> <span class='ocrx_word' id='word_1_33' title='bbox 2255 728 2381 794; x_wconf 83' lang='grc' dir='ltr'><strong><em>κατ’</em></strong></span> <span class='ocrx_word' id='word_1_34' title='bbox 2409 736 2610 802; x_wconf 79' lang='grc' dir='ltr'><strong><em>αἰτίαν,</em></strong></span> <span class='ocrx_word' id='word_1_35' title='bbox 2638 732 2790 792; x_wconf 83' lang='grc' dir='ltr'><strong><em>διότι</em></strong></span> <span class='ocrx_word' id='word_1_36' title='bbox 2812 735 2999 790; x_wconf 76' lang='grc' dir='ltr'><strong><em>αἰτίαν</em></strong></span> <span class='ocrx_word' id='word_1_37' title='bbox 3022 734 3208 809; x_wconf 84' lang='grc' dir='ltr'><strong><em>δηλοῖ,</em></strong></span> <span class='ocrx_word' id='word_1_38' title='bbox 3243 729 3365 792; x_wconf 83' lang='grc' dir='ltr'><strong><em>οἷον</em></strong></span> <span class='ocrx_word' id='word_1_39' title='bbox 3389 730 3481 792; x_wconf 69' lang='lat' dir='ltr'><strong><em>oui</em></strong></span> <span class='ocrx_word' id='word_1_40' title='bbox 3503 731 3605 793; x_wconf 84' lang='grc' dir='ltr'><strong><em>τὸν</em></strong></span> <span class='ocrx_word' id='word_1_41' title='bbox 3626 730 4010 813; x_wconf 74' lang='grc' dir='ltr'><strong><em>Ἀρίσταρχον</em></strong></span> 
     </span>
     <span class='ocr_line' id='line_1_7' title="bbox 358 840 4010 929; baseline 0.001 -21"><span class='ocrx_word' id='word_1_42' title='bbox 358 843 649 925; x_wconf 74' lang='grc' dir='ltr'><strong><em>ἐτιμήθην</em></strong></span> <span class='ocrx_word' id='word_1_43' title='bbox 681 851 771 907; x_wconf 78' lang='grc' dir='ltr'><strong><em>καὶ</em></strong></span> <span class='ocrx_word' id='word_1_44' title='bbox 805 843 897 908; x_wconf 66' lang='lat' dir='ltr'><strong><em>ou}</em></strong></span> <span class='ocrx_word' id='word_1_45' title='bbox 927 847 1031 909; x_wconf 82' lang='grc' dir='ltr'><strong><em>τὸν</em></strong></span> <span class='ocrx_word' id='word_1_46' title='bbox 1065 843 1444 928; x_wconf 81' lang='grc' dir='ltr'><strong><em>Ἀρίσταρχον</em></strong></span> <span class='ocrx_word' id='word_1_47' title='bbox 1473 843 1775 929; x_wconf 69' lang='grc' dir='ltr'><strong><em>ὑβρίσθην.</em></strong></span> <span class='ocrx_word' id='word_1_48' title='bbox 1827 843 1857 924; x_wconf 82' lang='grc' dir='ltr'><strong><em>ἡ</em></strong></span> <span class='ocrx_word' id='word_1_49' title='bbox 1890 850 1947 907; x_wconf 80' lang='grc' dir='ltr'><strong><em>δὲ</em></strong></span> <span class='ocrx_word' id='word_1_50' title='bbox 1981 847 2219 924; x_wconf 73' lang='grc' dir='ltr'><strong><em>κλητικὴ</em></strong></span> <span class='ocrx_word' id='word_1_51' title='bbox 2251 843 2758 926; x_wconf 76' lang='grc' dir='ltr'><strong><em>προςαγορευτίκη,</em></strong></span> <span class='ocrx_word' id='word_1_52' title='bbox 2803 840 2956 904; x_wconf 74' lang='grc' dir='ltr'><strong><em>διότι</em></strong></span> <span class='ocrx_word' id='word_1_53' title='bbox 2988 846 3148 904; x_wconf 83' lang='grc' dir='ltr'><strong><em>καλεῖ</em></strong></span> <span class='ocrx_word' id='word_1_54' title='bbox 3177 847 3258 926; x_wconf 65' lang='lat'><strong><em>(12)</em></strong></span> <span class='ocrx_word' id='word_1_55' title='bbox 3286 849 3377 904; x_wconf 71' lang='grc' dir='ltr'><strong><em>καὶ</em></strong></span> <span class='ocrx_word' id='word_1_56' title='bbox 3412 844 3851 924; x_wconf 72' lang='grc' dir='ltr'><strong><em>προςαγορεύιι,</em></strong></span> <span class='ocrx_word' id='word_1_57' title='bbox 3882 841 4010 910; x_wconf 78' lang='grc' dir='ltr'><strong><em>οἷον</em></strong></span> 
     </span>
     <span class='ocr_line' id='line_1_8' title="bbox 354 948 4014 1046; baseline 0.001 -27"><span class='ocrx_word' id='word_1_58' title='bbox 354 957 654 1040; x_wconf 79' lang='grc' dir='ltr'><strong><em>,,Ἀτρει’δη</em></strong></span> <span class='ocrx_word' id='word_1_59' title='bbox 701 957 952 1034; x_wconf 79' lang='grc' dir='ltr'><strong><em>κύδιστε,</em></strong></span> <span class='ocrx_word' id='word_1_60' title='bbox 999 960 1144 1035; x_wconf 75' lang='grc' dir='ltr'><strong><em>ἅναξ</em></strong></span> <span class='ocrx_word' id='word_1_61' title='bbox 1190 961 1439 1039; x_wconf 82' lang='grc' dir='ltr'><strong><em>α’νδρών,</em></strong></span> <span class='ocrx_word' id='word_1_62' title='bbox 1465 948 1877 1043; x_wconf 41' lang='grc' dir='ltr'><strong><em>’Ἀγάμεμνοψ</em></strong></span> <span class='ocrx_word' id='word_1_63' title='bbox 1909 960 1990 1046; x_wconf 87' lang='grc' dir='ltr'><strong><em>(Β</em></strong></span> <span class='ocrx_word' id='word_1_64' title='bbox 2017 963 2187 1043; x_wconf 84' lang='lat'>434).</span> <span class='ocrx_word' id='word_1_65' title='bbox 2231 997 2321 1008; x_wconf 90' lang='lat'><strong>—</strong></span> <span class='ocrx_word' id='word_1_66' title='bbox 2368 965 2439 1024; x_wconf 87' lang='lat'><strong><em>51</em></strong></span> <span class='ocrx_word' id='word_1_67' title='bbox 2477 957 2898 1020; x_wconf 76' lang='grc' dir='ltr'><strong><em>Ὑποπέπτωκε</em></strong></span> <span class='ocrx_word' id='word_1_68' title='bbox 2946 960 3013 1018; x_wconf 77' lang='grc' dir='ltr'><strong><em>δὲ</em></strong></span> <span class='ocrx_word' id='word_1_69' title='bbox 3062 1007 3077 1023; x_wconf 93' lang='grc'><strong><em>.</em></strong></span> <span class='ocrx_word' id='word_1_70' title='bbox 3123 1006 3135 1018; x_wconf 92' lang='grc'><strong><em>.</em></strong></span> <span class='ocrx_word' id='word_1_71' title='bbox 3184 1006 3196 1018; x_wconf 94' lang='grc'><strong><em>.</em></strong></span> <span class='ocrx_word' id='word_1_72' title='bbox 3245 1006 3257 1018; x_wconf 99' lang='grc'><strong><em>.</em></strong></span> <span class='ocrx_word' id='word_1_73' title='bbox 3307 959 3661 1039; x_wconf 70' lang='grc' dir='ltr'><strong><em>συνώνυμον,</em></strong></span> <span class='ocrx_word' id='word_1_74' title='bbox 3707 959 4014 1040; x_wconf 85' lang='grc' dir='ltr'><strong><em>διώνυμον,</em></strong></span> 
     </span>
     <span class='ocr_line' id='line_1_9' title="bbox 355 1068 4011 1155; baseline -0.001 -18"><span class='ocrx_word' id='word_1_75' title='bbox 355 1074 698 1155; x_wconf 73' lang='grc' dir='ltr'><em>φερώνυμον</em></span> <span class='ocrx_word' id='word_1_76' title='bbox 744 1125 761 1142; x_wconf 89' lang='grc'><strong><em>.</em></strong></span> <span class='ocrx_word' id='word_1_77' title='bbox 809 1128 819 1139; x_wconf 88' lang='grc'><strong><em>.</em></strong></span> <span class='ocrx_word' id='word_1_78' title='bbox 869 1123 882 1135; x_wconf 96' lang='grc'><strong><em>.</em></strong></span> <span class='ocrx_word' id='word_1_79' title='bbox 930 1126 947 1142; x_wconf 83' lang='grc'><strong><em>.</em></strong></span> <span class='ocrx_word' id='word_1_80' title='bbox 994 1073 1206 1136; x_wconf 79' lang='grc' dir='ltr'><strong><em>εἰδικόν</em></strong></span> <span class='ocrx_word' id='word_1_81' title='bbox 1254 1125 1266 1137; x_wconf 94' lang='grc'><strong><em>.</em></strong></span> <span class='ocrx_word' id='word_1_82' title='bbox 1316 1124 1330 1140; x_wconf 96' lang='grc'><strong><em>.</em></strong></span> <span class='ocrx_word' id='word_1_83' title='bbox 1379 1125 1393 1139; x_wconf 95' lang='grc'><strong><em>.</em></strong></span> <span class='ocrx_word' id='word_1_84' title='bbox 1446 1129 1456 1138; x_wconf 91' lang='grc'><strong><em>.</em></strong></span> <span class='ocrx_word' id='word_1_85' title='bbox 1505 1075 1951 1153; x_wconf 64' lang='grc' dir='ltr'><strong><em>ἀπολελυμένον,</em></strong></span> <span class='ocrx_word' id='word_1_86' title='bbox 1993 1071 2489 1151; x_wconf 75' lang='grc' dir='ltr'><strong><em>μετουσιαστικόν.</em></strong></span> <span class='ocrx_word' id='word_1_87' title='bbox 2538 1109 2624 1119; x_wconf 90' lang='grc'>-</span> <span class='ocrx_word' id='word_1_88' title='bbox 2671 1077 2751 1143; x_wconf 74' lang='lat'><strong><em>59</em></strong></span> <span class='ocrx_word' id='word_1_89' title='bbox 2792 1073 2863 1132; x_wconf 83' lang='grc' dir='ltr'><strong><em>Τί</em></strong></span> <span class='ocrx_word' id='word_1_90' title='bbox 2908 1077 3027 1132; x_wconf 80' lang='grc' dir='ltr'><strong><em>ἐστι</em></strong></span> <span class='ocrx_word' id='word_1_91' title='bbox 3072 1071 3302 1152; x_wconf 81' lang='grc' dir='ltr'><strong><em>κύριον,·</em></strong></span> <span class='ocrx_word' id='word_1_92' title='bbox 3358 1068 3426 1133; x_wconf 76' lang='grc' dir='ltr'><strong><em>τό</em></strong></span> <span class='ocrx_word' id='word_1_93' title='bbox 3468 1070 3567 1149; x_wconf 79' lang='grc' dir='ltr'><strong><em>τήν</em></strong></span> <span class='ocrx_word' id='word_1_94' title='bbox 3615 1075 3761 1134; x_wconf 82' lang='grc' dir='ltr'><strong><em>ἰδίαν</em></strong></span> <span class='ocrx_word' id='word_1_95' title='bbox 3808 1124 3820 1136; x_wconf 93' lang='grc'><strong><em>.</em></strong></span> <span class='ocrx_word' id='word_1_96' title='bbox 3871 1126 3888 1140; x_wconf 89' lang='grc'><strong><em>.</em></strong></span> <span class='ocrx_word' id='word_1_97' title='bbox 3934 1122 3947 1135; x_wconf 94' lang='grc'><strong><em>.</em></strong></span> <span class='ocrx_word' id='word_1_98' title='bbox 3995 1124 4011 1140; x_wconf 89' lang='grc'><strong><em>.</em></strong></span> 
     </span>
     <span class='ocr_line' id='line_1_10' title="bbox 357 1185 4012 1270; baseline -0.001 -18"><span class='ocrx_word' id='word_1_99' title='bbox 357 1187 696 1268; x_wconf 79' lang='grc' dir='ltr'><strong><em>Σωκράτης.</em></strong></span> <span class='ocrx_word' id='word_1_100' title='bbox 746 1225 825 1236; x_wconf 89' lang='grc'><strong>-</strong></span> <span class='ocrx_word' id='word_1_101' title='bbox 875 1194 957 1253; x_wconf 87' lang='grc'><strong><em>60</em></strong></span> <span class='ocrx_word' id='word_1_102' title='bbox 996 1192 1068 1250; x_wconf 88' lang='grc' dir='ltr'><strong><em>Τι’</em></strong></span> <span class='ocrx_word' id='word_1_103' title='bbox 1111 1195 1232 1250; x_wconf 78' lang='grc' dir='ltr'><strong><em>ἐστι</em></strong></span> <span class='ocrx_word' id='word_1_104' title='bbox 1278 1189 1730 1270; x_wconf 77' lang='grc' dir='ltr'><strong><em>προςηγορικόν,·</em></strong></span> <span class='ocrx_word' id='word_1_105' title='bbox 1778 1185 1849 1249; x_wconf 82' lang='grc' dir='ltr'><strong><em>τό</em></strong></span> <span class='ocrx_word' id='word_1_106' title='bbox 1895 1186 2006 1266; x_wconf 74' lang='grc' dir='ltr'><strong><em>τη“ν</em></strong></span> <span class='ocrx_word' id='word_1_107' title='bbox 2052 1185 2243 1265; x_wconf 76' lang='grc' dir='ltr'><strong><em>κοινήν</em></strong></span> <span class='ocrx_word' id='word_1_108' title='bbox 2290 1193 2382 1249; x_wconf 80' lang='grc' dir='ltr'><strong><em>καὶ</em></strong></span> <span class='ocrx_word' id='word_1_109' title='bbox 2431 1186 2698 1248; x_wconf 82' lang='grc' dir='ltr'><strong><em>καθόλου</em></strong></span> <span class='ocrx_word' id='word_1_110' title='bbox 2746 1185 2944 1247; x_wconf 76' lang='grc' dir='ltr'><strong><em>οἰσιάν</em></strong></span> <span class='ocrx_word' id='word_1_111' title='bbox 2991 1237 3006 1250; x_wconf 91' lang='grc'><strong><em>.</em></strong></span> <span class='ocrx_word' id='word_1_112' title='bbox 3057 1235 3069 1247; x_wconf 94' lang='grc'><strong><em>.</em></strong></span> <span class='ocrx_word' id='word_1_113' title='bbox 3117 1235 3129 1249; x_wconf 95' lang='grc'><strong><em>.</em></strong></span> <span class='ocrx_word' id='word_1_114' title='bbox 3175 1232 3189 1245; x_wconf 92' lang='grc'><strong><em>.</em></strong></span> <span class='ocrx_word' id='word_1_115' title='bbox 3240 1185 3432 1257; x_wconf 81' lang='grc' dir='ltr'><strong><em>ἵππος.</em></strong></span> <span class='ocrx_word' id='word_1_116' title='bbox 3478 1221 3568 1234; x_wconf 89' lang='grc'><strong><em>-·</em></strong></span> <span class='ocrx_word' id='word_1_117' title='bbox 3614 1192 3688 1251; x_wconf 87' lang='grc'>61</span> <span class='ocrx_word' id='word_1_118' title='bbox 3739 1191 3813 1249; x_wconf 93' lang='grc' dir='ltr'><strong><em>Τί</em></strong></span> <span class='ocrx_word' id='word_1_119' title='bbox 3857 1195 4012 1251; x_wconf 80' lang='grc' dir='ltr'><strong><em>ἐστιν</em></strong></span> 
     </span>
     <span class='ocr_line' id='line_1_11' title="bbox 356 1297 4012 1384; baseline -0.001 -19"><span class='ocrx_word' id='word_1_120' title='bbox 356 1308 665 1372; x_wconf 57' lang='lat' dir='ltr'><strong><em>damnor,-</em></strong></span> <span class='ocrx_word' id='word_1_121' title='bbox 709 1300 776 1364; x_wconf 92' lang='grc' dir='ltr'><strong><em>τό</em></strong></span> <span class='ocrx_word' id='word_1_122' title='bbox 809 1306 901 1363; x_wconf 73' lang='grc' dir='ltr'><strong><em>ἐπὶ</em></strong></span> <span class='ocrx_word' id='word_1_123' title='bbox 931 1350 982 1367; x_wconf 94' lang='grc'><strong><em>..</em></strong></span> <span class='ocrx_word' id='word_1_124' title='bbox 1011 1356 1020 1366; x_wconf 90' lang='grc'><strong><em>.</em></strong></span> <span class='ocrx_word' id='word_1_125' title='bbox 1049 1353 1063 1365; x_wconf 95' lang='grc'><strong><em>.</em></strong></span> <span class='ocrx_word' id='word_1_126' title='bbox 1114 1303 1317 1384; x_wconf 81' lang='grc' dir='ltr'><strong><em>ψόγον.</em></strong></span> <span class='ocrx_word' id='word_1_127' title='bbox 1353 1342 1432 1351; x_wconf 88' lang='grc'><strong>-</strong></span> <span class='ocrx_word' id='word_1_128' title='bbox 1472 1307 1550 1368; x_wconf 86' lang='grc'>65</span> <span class='ocrx_word' id='word_1_129' title='bbox 1594 1306 1666 1364; x_wconf 85' lang='grc' dir='ltr'><strong><em>Τι’</em></strong></span> <span class='ocrx_word' id='word_1_130' title='bbox 1710 1310 1832 1364; x_wconf 76' lang='grc' dir='ltr'><strong><em>ἐστι</em></strong></span> <span class='ocrx_word' id='word_1_131' title='bbox 1878 1303 2028 1382; x_wconf 91' lang='grc' dir='ltr'><strong><em>πρός</em></strong></span> <span class='ocrx_word' id='word_1_132' title='bbox 2073 1327 2124 1364; x_wconf 85' lang='grc' dir='ltr'><strong><em>τι</em></strong></span> <span class='ocrx_word' id='word_1_133' title='bbox 2173 1302 2343 1383; x_wconf 55' lang='lat' dir='ltr'><strong><em>(flor,-</em></strong></span> <span class='ocrx_word' id='word_1_134' title='bbox 2390 1298 2467 1373; x_wconf 80' lang='grc' dir='ltr'><strong><em>ὠς</em></strong></span> <span class='ocrx_word' id='word_1_135' title='bbox 2513 1297 2639 1370; x_wconf 87' lang='grc' dir='ltr'><strong><em>υἱός</em></strong></span> <span class='ocrx_word' id='word_1_136' title='bbox 2685 1299 2895 1378; x_wconf 81' lang='grc' dir='ltr'><strong><em>πατήρ,</em></strong></span> <span class='ocrx_word' id='word_1_137' title='bbox 2943 1302 3130 1380; x_wconf 80' lang='grc' dir='ltr'><strong><em>φίλος,</em></strong></span> <span class='ocrx_word' id='word_1_138' title='bbox 3176 1300 3475 1378; x_wconf 81' lang='grc' dir='ltr'><strong><em>δεσπότης.</em></strong></span> <span class='ocrx_word' id='word_1_139' title='bbox 3511 1337 3589 1347; x_wconf 93' lang='lat'><strong><em>—-</em></strong></span> <span class='ocrx_word' id='word_1_140' title='bbox 3627 1305 3706 1365; x_wconf 85' lang='lat'><strong><em>65</em></strong></span> <span class='ocrx_word' id='word_1_141' title='bbox 3748 1305 3821 1363; x_wconf 86' lang='grc' dir='ltr'><strong><em>Τί</em></strong></span> <span class='ocrx_word' id='word_1_142' title='bbox 3861 1308 4012 1365; x_wconf 72' lang='grc' dir='ltr'><strong><em>ἐστιν</em></strong></span> 
     </span>
     <span class='ocr_line' id='line_1_12' title="bbox 357 1413 4013 1497; baseline 0 -20"><span class='ocrx_word' id='word_1_143' title='bbox 357 1416 434 1488; x_wconf 80' lang='grc' dir='ltr'><strong><em>ὡς</em></strong></span> <span class='ocrx_word' id='word_1_144' title='bbox 495 1415 646 1495; x_wconf 86' lang='grc' dir='ltr'><strong><em>πρός</em></strong></span> <span class='ocrx_word' id='word_1_145' title='bbox 690 1438 743 1477; x_wconf 85' lang='grc' dir='ltr'><strong><em>τι</em></strong></span> <span class='ocrx_word' id='word_1_146' title='bbox 788 1416 954 1497; x_wconf 81' lang='grc' dir='ltr'><strong><em>ἔχον,-</em></strong></span> <span class='ocrx_word' id='word_1_147' title='bbox 1014 1417 1094 1488; x_wconf 83' lang='grc' dir='ltr'><strong><em>ώς</em></strong></span> <span class='ocrx_word' id='word_1_148' title='bbox 1140 1415 1242 1491; x_wconf 76' lang='grc' dir='ltr'><strong><em>νύξ</em></strong></span> <span class='ocrx_word' id='word_1_149' title='bbox 1291 1417 1504 1497; x_wconf 70' lang='grc' dir='ltr'><strong><em>ἡμέρα,</em></strong></span> <span class='ocrx_word' id='word_1_150' title='bbox 1553 1417 1809 1488; x_wconf 85' lang='grc' dir='ltr'><strong><em>θάνατος</em></strong></span> <span class='ocrx_word' id='word_1_151' title='bbox 1854 1416 1986 1495; x_wconf 77' lang='grc' dir='ltr'><strong><em>ζωή.</em></strong></span> <span class='ocrx_word' id='word_1_152' title='bbox 2039 1454 2113 1464; x_wconf 87' lang='lat'><strong><em>·—</em></strong></span> <span class='ocrx_word' id='word_1_153' title='bbox 2167 1421 2247 1480; x_wconf 88' lang='grc'><strong><em>67</em></strong></span> <span class='ocrx_word' id='word_1_154' title='bbox 2301 1421 2371 1477; x_wconf 89' lang='grc' dir='ltr'><strong><em>Τι’</em></strong></span> <span class='ocrx_word' id='word_1_155' title='bbox 2417 1421 2565 1476; x_wconf 75' lang='grc' dir='ltr'><strong><em>ἐστιν</em></strong></span> <span class='ocrx_word' id='word_1_156' title='bbox 2615 1413 2955 1491; x_wconf 85' lang='grc' dir='ltr'><strong><em>όμώνυμον,·</em></strong></span> <span class='ocrx_word' id='word_1_157' title='bbox 3000 1414 3066 1475; x_wconf 86' lang='grc' dir='ltr'><strong><em>τὸ</em></strong></span> <span class='ocrx_word' id='word_1_158' title='bbox 3116 1414 3268 1475; x_wconf 82' lang='grc' dir='ltr'><strong><em>κατὰ</em></strong></span> <span class='ocrx_word' id='word_1_159' title='bbox 3313 1462 3325 1474; x_wconf 94' lang='grc'><strong><em>.</em></strong></span> <span class='ocrx_word' id='word_1_160' title='bbox 3373 1464 3389 1480; x_wconf 90' lang='grc'><strong><em>.</em></strong></span> <span class='ocrx_word' id='word_1_161' title='bbox 3436 1461 3447 1473; x_wconf 96' lang='grc'><strong><em>.</em></strong></span> <span class='ocrx_word' id='word_1_162' title='bbox 3499 1462 3511 1474; x_wconf 94' lang='grc'><strong><em>.</em></strong></span> <span class='ocrx_word' id='word_1_163' title='bbox 3557 1420 3885 1494; x_wconf 73' lang='grc' dir='ltr'><strong><em>τιθέμενον,</em></strong></span> <span class='ocrx_word' id='word_1_164' title='bbox 3930 1415 4013 1489; x_wconf 86' lang='grc' dir='ltr'><strong><em>ώς</em></strong></span> 
     </span>
     <span class='ocr_line' id='line_1_13' title="bbox 358 1527 4009 1613; baseline 0 -21"><span class='ocrx_word' id='word_1_165' title='bbox 358 1537 450 1593; x_wconf 76' lang='grc' dir='ltr'><strong><em>ἐπὶ</em></strong></span> <span class='ocrx_word' id='word_1_166' title='bbox 502 1583 513 1593; x_wconf 95' lang='grc'><strong><em>.</em></strong></span> <span class='ocrx_word' id='word_1_167' title='bbox 560 1582 573 1593; x_wconf 88' lang='grc'><strong><em>.</em></strong></span> <span class='ocrx_word' id='word_1_168' title='bbox 625 1580 637 1592; x_wconf 92' lang='grc'><strong><em>.</em></strong></span> <span class='ocrx_word' id='word_1_169' title='bbox 689 1586 698 1595; x_wconf 90' lang='grc'><strong><em>.</em></strong></span> <span class='ocrx_word' id='word_1_170' title='bbox 751 1531 781 1592; x_wconf 88' lang='grc' dir='ltr'><strong><em>ό</em></strong></span> <span class='ocrx_word' id='word_1_171' title='bbox 824 1532 1038 1603; x_wconf 61' lang='grc' dir='ltr'><strong><em>Ἰλέως,</em></strong></span> <span class='ocrx_word' id='word_1_172' title='bbox 1112 1537 1205 1593; x_wconf 76' lang='grc' dir='ltr'><strong><em>ἐπὶ</em></strong></span> <span class='ocrx_word' id='word_1_173' title='bbox 1255 1582 1268 1594; x_wconf 95' lang='grc'><strong><em>.</em></strong></span> <span class='ocrx_word' id='word_1_174' title='bbox 1319 1584 1328 1594; x_wconf 94' lang='grc'><strong><em>.</em></strong></span> <span class='ocrx_word' id='word_1_175' title='bbox 1378 1579 1390 1592; x_wconf 93' lang='grc'><strong><em>.</em></strong></span> <span class='ocrx_word' id='word_1_176' title='bbox 1440 1583 1462 1596; x_wconf 90' lang='grc'><strong><em>..</em></strong></span> <span class='ocrx_word' id='word_1_177' title='bbox 1498 1530 1754 1613; x_wconf 76' lang='grc' dir='ltr'><strong><em>γηγενής.</em></strong></span> <span class='ocrx_word' id='word_1_178' title='bbox 1819 1568 1892 1578; x_wconf 90' lang='grc'><strong>-</strong></span> <span class='ocrx_word' id='word_1_179' title='bbox 1951 1536 2030 1595; x_wconf 88' lang='grc'><strong><em>69</em></strong></span> <span class='ocrx_word' id='word_1_180' title='bbox 2085 1535 2152 1590; x_wconf 84' lang='grc' dir='ltr'><strong><em>Τί</em></strong></span> <span class='ocrx_word' id='word_1_181' title='bbox 2201 1536 2321 1591; x_wconf 76' lang='grc' dir='ltr'><strong><em>ἐστι</em></strong></span> <span class='ocrx_word' id='word_1_182' title='bbox 2368 1533 2737 1608; x_wconf 67' lang='grc' dir='ltr'><strong><em>συνώνυμον,</em></strong></span> <span class='ocrx_word' id='word_1_183' title='bbox 2798 1527 2868 1588; x_wconf 79' lang='grc' dir='ltr'><strong><em>τό</em></strong></span> <span class='ocrx_word' id='word_1_184' title='bbox 2914 1533 2973 1589; x_wconf 82' lang='grc' dir='ltr'><strong><em>ἐν</em></strong></span> <span class='ocrx_word' id='word_1_185' title='bbox 3020 1581 3033 1594; x_wconf 90' lang='grc'><strong><em>.</em></strong></span> <span class='ocrx_word' id='word_1_186' title='bbox 3085 1581 3095 1591; x_wconf 98' lang='grc'><strong><em>.</em></strong></span> <span class='ocrx_word' id='word_1_187' title='bbox 3144 1575 3156 1587; x_wconf 93' lang='grc'><strong><em>.</em></strong></span> <span class='ocrx_word' id='word_1_188' title='bbox 3206 1580 3218 1591; x_wconf 95' lang='grc'><strong><em>.</em></strong></span> <span class='ocrx_word' id='word_1_189' title='bbox 3266 1528 3588 1609; x_wconf 72' lang='grc' dir='ltr'><strong><em>φάσγανον,</em></strong></span> <span class='ocrx_word' id='word_1_190' title='bbox 3647 1530 3880 1608; x_wconf 81' lang='grc' dir='ltr'><strong><em>σπάθη.</em></strong></span> <span class='ocrx_word' id='word_1_191' title='bbox 3931 1571 4009 1581; x_wconf 90' lang='lat'><strong><em>-—</em></strong></span> 
     </span>
     <span class='ocr_line' id='line_1_14' title="bbox 360 1640 3884 1729; baseline 0 -22"><span class='ocrx_word' id='word_1_192' title='bbox 360 1644 744 1724; x_wconf 58' lang='grc' dir='ltr'><strong><em>[Φερωιύμου</em></strong></span> <span class='ocrx_word' id='word_1_193' title='bbox 791 1658 854 1711; x_wconf 83' lang='lat' dir='ltr'><strong><em>et</em></strong></span> <span class='ocrx_word' id='word_1_194' title='bbox 900 1647 1189 1724; x_wconf 73' lang='grc' dir='ltr'><strong><em>διωνύμου</em></strong></span> <span class='ocrx_word' id='word_1_195' title='bbox 1237 1647 1672 1729; x_wconf 80' lang='lat' dir='ltr'><strong>explicationes</strong></span> <span class='ocrx_word' id='word_1_196' title='bbox 1719 1653 2064 1728; x_wconf 86' lang='lat' dir='ltr'><strong>sequuntur</strong></span> <span class='ocrx_word' id='word_1_197' title='bbox 2108 1645 2354 1709; x_wconf 86' lang='lat' dir='ltr'><strong>inverso</strong></span> <span class='ocrx_word' id='word_1_198' title='bbox 2400 1642 2663 1727; x_wconf 68' lang='lat' dir='ltr'><strong>ordine}</strong></span> <span class='ocrx_word' id='word_1_199' title='bbox 2757 1648 2837 1706; x_wconf 83' lang='lat'><strong><em>70</em></strong></span> <span class='ocrx_word' id='word_1_200' title='bbox 2891 1647 2960 1703; x_wconf 77' lang='grc' dir='ltr'><strong><em>Τί</em></strong></span> <span class='ocrx_word' id='word_1_201' title='bbox 3007 1648 3128 1703; x_wconf 75' lang='grc' dir='ltr'><strong><em>ἐστι</em></strong></span> <span class='ocrx_word' id='word_1_202' title='bbox 3175 1640 3518 1721; x_wconf 72' lang='grc' dir='ltr'><strong><em>φερώνυμον</em></strong></span> <span class='ocrx_word' id='word_1_203' title='bbox 3534 1670 3554 1714; x_wconf 92' lang='lat'><strong><em>,·</em></strong></span> <span class='ocrx_word' id='word_1_204' title='bbox 3611 1641 3679 1706; x_wconf 75' lang='grc' dir='ltr'><strong><em>τό</em></strong></span> <span class='ocrx_word' id='word_1_205' title='bbox 3726 1641 3848 1705; x_wconf 66' lang='grc' dir='ltr'><strong><em>ἀπὸ</em></strong></span> <span class='ocrx_word' id='word_1_206' title='bbox 3876 1699 3884 1708; x_wconf 95' lang='grc'><strong><em>.</em></strong></span> 
     </span>
     <span class='ocr_line' id='line_1_15' title="bbox 357 1753 4013 1839; baseline 0 -18"><span class='ocrx_word' id='word_1_207' title='bbox 357 1765 785 1839; x_wconf 74' lang='grc' dir='ltr'><strong><em>Μεγαπένθης.</em></strong></span> <span class='ocrx_word' id='word_1_208' title='bbox 834 1795 918 1807; x_wconf 88' lang='grc'>-</span> <span class='ocrx_word' id='word_1_209' title='bbox 970 1765 1042 1825; x_wconf 88' lang='grc'><strong><em>71</em></strong></span> <span class='ocrx_word' id='word_1_210' title='bbox 1105 1761 1177 1820; x_wconf 86' lang='grc' dir='ltr'><strong><em>Τί</em></strong></span> <span class='ocrx_word' id='word_1_211' title='bbox 1223 1766 1346 1821; x_wconf 81' lang='grc' dir='ltr'><strong><em>ἐστι</em></strong></span> <span class='ocrx_word' id='word_1_212' title='bbox 1391 1757 1702 1837; x_wconf 81' lang='grc' dir='ltr'><strong><em>διώνυμον,·</em></strong></span> <span class='ocrx_word' id='word_1_213' title='bbox 1748 1756 2013 1836; x_wconf 77' lang='grc' dir='ltr'><strong><em>ὀνόματα</em></strong></span> <span class='ocrx_word' id='word_1_214' title='bbox 2060 1807 2074 1819; x_wconf 93' lang='grc'><strong><em>.</em></strong></span> <span class='ocrx_word' id='word_1_215' title='bbox 2122 1808 2136 1822; x_wconf 92' lang='grc'><strong><em>.</em></strong></span> <span class='ocrx_word' id='word_1_216' title='bbox 2185 1807 2198 1820; x_wconf 95' lang='grc'><strong><em>.</em></strong></span> <span class='ocrx_word' id='word_1_217' title='bbox 2247 1810 2258 1820; x_wconf 96' lang='grc'><strong><em>.</em></strong></span> <span class='ocrx_word' id='word_1_218' title='bbox 2306 1753 2521 1837; x_wconf 86' lang='grc' dir='ltr'><strong><em>Πάρις.</em></strong></span> <span class='ocrx_word' id='word_1_219' title='bbox 2568 1793 2647 1803; x_wconf 91' lang='grc'>-</span> <span class='ocrx_word' id='word_1_220' title='bbox 2701 1763 2781 1820; x_wconf 84' lang='lat'><strong><em>74</em></strong></span> <span class='ocrx_word' id='word_1_221' title='bbox 2822 1761 2889 1815; x_wconf 88' lang='grc' dir='ltr'><strong><em>Τι’</em></strong></span> <span class='ocrx_word' id='word_1_222' title='bbox 2936 1761 3086 1816; x_wconf 74' lang='grc' dir='ltr'><strong><em>ἐστιν</em></strong></span> <span class='ocrx_word' id='word_1_223' title='bbox 3134 1755 3463 1832; x_wconf 73' lang='grc' dir='ltr'><strong><em>ἐπώνυμον,</em></strong></span> <span class='ocrx_word' id='word_1_224' title='bbox 3512 1754 3543 1820; x_wconf 84' lang='grc' dir='ltr'><em>ὃ</em></span> <span class='ocrx_word' id='word_1_225' title='bbox 3588 1762 3682 1818; x_wconf 88' lang='grc' dir='ltr'><strong><em>καὶ</em></strong></span> <span class='ocrx_word' id='word_1_226' title='bbox 3726 1758 4013 1838; x_wconf 73' lang='grc' dir='ltr'><strong><em>διώνυμον</em></strong></span> 
     </span>
     <span class='ocr_line' id='line_1_16' title="bbox 357 1868 4013 1956; baseline -0 -20"><span class='ocrx_word' id='word_1_227' title='bbox 357 1879 616 1956; x_wconf 65' lang='grc' dir='ltr'><strong><em>λέγεται,</em></strong></span> <span class='ocrx_word' id='word_1_228' title='bbox 649 1876 718 1936; x_wconf 87' lang='grc' dir='ltr'>τό</span> <span class='ocrx_word' id='word_1_229' title='bbox 748 1873 892 1952; x_wconf 79' lang='grc' dir='ltr'><strong><em>μεθ’</em></strong></span> <span class='ocrx_word' id='word_1_230' title='bbox 927 1879 1122 1951; x_wconf 80' lang='grc' dir='ltr'><strong><em>ἑτέρου</em></strong></span> <span class='ocrx_word' id='word_1_231' title='bbox 1279 1924 1289 1936; x_wconf 97' lang='grc'><strong><em>.</em></strong></span> <span class='ocrx_word' id='word_1_232' title='bbox 1323 1870 1641 1935; x_wconf 79' lang='grc' dir='ltr'><strong><em>Ἁπόλλων.</em></strong></span> <span class='ocrx_word' id='word_1_233' title='bbox 1678 1911 1754 1920; x_wconf 92' lang='lat'><em>-</em></span> <span class='ocrx_word' id='word_1_234' title='bbox 1794 1877 1873 1937; x_wconf 90' lang='grc'><strong><em>76</em></strong></span> <span class='ocrx_word' id='word_1_235' title='bbox 1911 1876 1972 1935; x_wconf 87' lang='grc' dir='ltr'><strong><em>Τί</em></strong></span> <span class='ocrx_word' id='word_1_236' title='bbox 2002 1878 2154 1933; x_wconf 84' lang='grc' dir='ltr'><strong><em>ἐστιν</em></strong></span> <span class='ocrx_word' id='word_1_237' title='bbox 2188 1868 2460 1947; x_wconf 62' lang='grc' dir='ltr'><strong><em>ἐθνικόν,</em></strong></span> <span class='ocrx_word' id='word_1_238' title='bbox 2486 1868 2647 1933; x_wconf 69' lang='grc' dir='ltr'><strong><em>τό...</em></strong></span> <span class='ocrx_word' id='word_1_239' title='bbox 2670 1921 2683 1936; x_wconf 94' lang='grc'><strong><em>.</em></strong></span> <span class='ocrx_word' id='word_1_240' title='bbox 2711 1875 2771 1933; x_wconf 90' lang='grc' dir='ltr'><strong><em>Γ</em></strong></span> <span class='ocrx_word' id='word_1_241' title='bbox 2765 1871 3005 1949; x_wconf 87' lang='grc' dir='ltr'><strong><em>αλάτης.</em></strong></span> <span class='ocrx_word' id='word_1_242' title='bbox 3042 1909 3123 1920; x_wconf 92' lang='lat'><strong><em>--</em></strong></span> <span class='ocrx_word' id='word_1_243' title='bbox 3158 1876 3236 1935; x_wconf 86' lang='lat'><strong><em>76</em></strong></span> <span class='ocrx_word' id='word_1_244' title='bbox 3274 1877 3331 1933; x_wconf 87' lang='grc' dir='ltr'><strong><em>Τί</em></strong></span> <span class='ocrx_word' id='word_1_245' title='bbox 3363 1876 3512 1931; x_wconf 79' lang='grc' dir='ltr'><strong><em>ἐστιν</em></strong></span> <span class='ocrx_word' id='word_1_246' title='bbox 3546 1873 4013 1950; x_wconf 77' lang='grc' dir='ltr'><strong><em>ἐρωτηματικόν,·</em></strong></span> 
     </span>
     <span class='ocr_line' id='line_1_17' title="bbox 355 1982 4013 2067; baseline -0 -18"><span class='ocrx_word' id='word_1_247' title='bbox 355 1987 423 2050; x_wconf 87' lang='grc' dir='ltr'><strong><em>τό</em></strong></span> <span class='ocrx_word' id='word_1_248' title='bbox 454 1985 578 2048; x_wconf 86' lang='grc' dir='ltr'><strong><em>κατ’</em></strong></span> <span class='ocrx_word' id='word_1_249' title='bbox 610 1986 893 2067; x_wconf 76' lang='grc' dir='ltr'><strong><em>ἐρώτησιν</em></strong></span> <span class='ocrx_word' id='word_1_250' title='bbox 920 2034 933 2047; x_wconf 92' lang='grc'><strong><em>.</em></strong></span> <span class='ocrx_word' id='word_1_251' title='bbox 959 2035 971 2048; x_wconf 94' lang='grc'><strong><em>.</em></strong></span> <span class='ocrx_word' id='word_1_252' title='bbox 1005 2039 1016 2051; x_wconf 86' lang='grc'><strong><em>.</em></strong></span> <span class='ocrx_word' id='word_1_253' title='bbox 1043 2035 1054 2047; x_wconf 94' lang='grc'><strong><em>.</em></strong></span> <span class='ocrx_word' id='word_1_254' title='bbox 1089 1991 1344 2066; x_wconf 81' lang='grc' dir='ltr'><strong><em>πηλίκος.</em></strong></span> <span class='ocrx_word' id='word_1_255' title='bbox 1376 2026 1450 2035; x_wconf 95' lang='grc'><strong>-</strong></span> <span class='ocrx_word' id='word_1_256' title='bbox 1484 1992 1562 2051; x_wconf 89' lang='grc'><strong><em>77</em></strong></span> <span class='ocrx_word' id='word_1_257' title='bbox 1600 1994 1658 2050; x_wconf 84' lang='grc' dir='ltr'><strong><em>Τι’</em></strong></span> <span class='ocrx_word' id='word_1_258' title='bbox 1692 1994 1846 2048; x_wconf 74' lang='grc' dir='ltr'><strong><em>ἐστιν</em></strong></span> <span class='ocrx_word' id='word_1_259' title='bbox 1880 1986 2192 2066; x_wconf 78' lang='grc' dir='ltr'><strong><em>ἀόριστον,·</em></strong></span> <span class='ocrx_word' id='word_1_260' title='bbox 2238 1982 2309 2047; x_wconf 84' lang='grc' dir='ltr'><strong><em>τό</em></strong></span> <span class='ocrx_word' id='word_1_261' title='bbox 2338 2039 2348 2047; x_wconf 92' lang='grc'><strong><em>.</em></strong></span> <span class='ocrx_word' id='word_1_262' title='bbox 2404 2035 2448 2048; x_wconf 94' lang='grc'><strong><em>..</em></strong></span> <span class='ocrx_word' id='word_1_263' title='bbox 2481 1985 2566 2061; x_wconf 74' lang='grc' dir='ltr'><strong><em>τῷ</em></strong></span> <span class='ocrx_word' id='word_1_264' title='bbox 2592 2035 2606 2048; x_wconf 91' lang='grc'><strong><em>.</em></strong></span> <span class='ocrx_word' id='word_1_265' title='bbox 2637 2037 2650 2048; x_wconf 94' lang='grc'><strong><em>.</em></strong></span> <span class='ocrx_word' id='word_1_266' title='bbox 2675 2037 2688 2049; x_wconf 95' lang='grc'><strong><em>.</em></strong></span> <span class='ocrx_word' id='word_1_267' title='bbox 2717 2035 2730 2047; x_wconf 94' lang='grc'><strong><em>.</em></strong></span> <span class='ocrx_word' id='word_1_268' title='bbox 2776 1987 3071 2064; x_wconf 83' lang='grc' dir='ltr'><strong><em>ὁπηλίκος.</em></strong></span> <span class='ocrx_word' id='word_1_269' title='bbox 3107 2022 3179 2032; x_wconf 90' lang='grc'>-</span> <span class='ocrx_word' id='word_1_270' title='bbox 3222 1990 3301 2050; x_wconf 90' lang='grc'><strong><em>78</em></strong></span> <span class='ocrx_word' id='word_1_271' title='bbox 3339 1988 3402 2048; x_wconf 89' lang='grc' dir='ltr'><strong><em>Τί</em></strong></span> <span class='ocrx_word' id='word_1_272' title='bbox 3430 1991 3583 2047; x_wconf 80' lang='grc' dir='ltr'><strong><em>ἐστιν</em></strong></span> <span class='ocrx_word' id='word_1_273' title='bbox 3615 1982 4013 2067; x_wconf 73' lang='grc' dir='ltr'><strong><em>άναφορικόν,·</em></strong></span> 
     </span>
     <span class='ocr_line' id='line_1_18' title="bbox 359 2096 4011 2180; baseline -0.001 -15"><span class='ocrx_word' id='word_1_274' title='bbox 359 2149 407 2165; x_wconf 88' lang='grc'><strong><em>..</em></strong></span> <span class='ocrx_word' id='word_1_275' title='bbox 438 2153 450 2166; x_wconf 94' lang='grc'><strong><em>.</em></strong></span> <span class='ocrx_word' id='word_1_276' title='bbox 481 2152 492 2164; x_wconf 97' lang='grc'><strong><em>.</em></strong></span> <span class='ocrx_word' id='word_1_277' title='bbox 527 2097 876 2179; x_wconf 68' lang='grc' dir='ltr'><strong><em>τηλικοῦτος.</em></strong></span> <span class='ocrx_word' id='word_1_278' title='bbox 913 2138 988 2148; x_wconf 89' lang='grc'>-</span> <span class='ocrx_word' id='word_1_279' title='bbox 1029 2106 1112 2166; x_wconf 87' lang='grc'><strong><em>80</em></strong></span> <span class='ocrx_word' id='word_1_280' title='bbox 1149 2108 1205 2164; x_wconf 90' lang='grc' dir='ltr'><strong><em>Τί</em></strong></span> <span class='ocrx_word' id='word_1_281' title='bbox 1239 2107 1363 2163; x_wconf 82' lang='grc' dir='ltr'><strong><em>ἐστι</em></strong></span> <span class='ocrx_word' id='word_1_282' title='bbox 1400 2101 1846 2180; x_wconf 74' lang='grc' dir='ltr'><strong><em>περιληπτικόν,·</em></strong></span> <span class='ocrx_word' id='word_1_283' title='bbox 1893 2100 1962 2163; x_wconf 76' lang='grc' dir='ltr'><strong><em>τὸ</em></strong></span> <span class='ocrx_word' id='word_1_284' title='bbox 2009 2102 2093 2177; x_wconf 75' lang='grc' dir='ltr'><strong><em>τῷ</em></strong></span> <span class='ocrx_word' id='word_1_285' title='bbox 2125 2150 2139 2166; x_wconf 91' lang='grc'><strong><em>.</em></strong></span> <span class='ocrx_word' id='word_1_286' title='bbox 2166 2147 2178 2160; x_wconf 94' lang='grc'><strong><em>.</em></strong></span> <span class='ocrx_word' id='word_1_287' title='bbox 2205 2151 2217 2164; x_wconf 95' lang='grc'><strong><em>.</em></strong></span> <span class='ocrx_word' id='word_1_288' title='bbox 2248 2146 2259 2159; x_wconf 93' lang='grc'><strong><em>.</em></strong></span> <span class='ocrx_word' id='word_1_289' title='bbox 2294 2096 2481 2180; x_wconf 75' lang='grc' dir='ltr'><strong><em>ὄχλος.</em></strong></span> <span class='ocrx_word' id='word_1_290' title='bbox 2534 2136 2608 2145; x_wconf 89' lang='grc'><strong>-</strong></span> <span class='ocrx_word' id='word_1_291' title='bbox 2662 2104 2733 2163; x_wconf 89' lang='grc'><strong><em>81</em></strong></span> <span class='ocrx_word' id='word_1_292' title='bbox 2796 2101 2859 2162; x_wconf 89' lang='grc' dir='ltr'><strong><em>Τί</em></strong></span> <span class='ocrx_word' id='word_1_293' title='bbox 2903 2105 3056 2160; x_wconf 74' lang='grc' dir='ltr'><strong><em>ἐστιν</em></strong></span> <span class='ocrx_word' id='word_1_294' title='bbox 3104 2099 3605 2180; x_wconf 80' lang='grc' dir='ltr'><strong><em>ἐπιμεριζόμενοι·,·</em></strong></span> <span class='ocrx_word' id='word_1_295' title='bbox 3650 2097 3720 2160; x_wconf 78' lang='grc' dir='ltr'><strong><em>τό</em></strong></span> <span class='ocrx_word' id='word_1_296' title='bbox 3764 2108 3867 2163; x_wconf 75' lang='grc' dir='ltr'><strong><em>ἐκ.</em></strong></span> <span class='ocrx_word' id='word_1_297' title='bbox 3903 2150 3915 2162; x_wconf 94' lang='grc'><strong><em>.</em></strong></span> <span class='ocrx_word' id='word_1_298' title='bbox 3952 2154 3962 2165; x_wconf 93' lang='grc'><strong><em>.</em></strong></span> <span class='ocrx_word' id='word_1_299' title='bbox 3997 2151 4011 2164; x_wconf 92' lang='grc'><strong><em>.</em></strong></span> 
     </span>
     <span class='ocr_line' id='line_1_19' title="bbox 358 2212 4015 2295; baseline 0.001 -20"><span class='ocrx_word' id='word_1_300' title='bbox 358 2216 616 2286; x_wconf 83' lang='grc' dir='ltr'><strong><em>ἕκαστος.</em></strong></span> <span class='ocrx_word' id='word_1_301' title='bbox 656 2254 728 2263; x_wconf 91' lang='lat'><strong><em>-—</em></strong></span> <span class='ocrx_word' id='word_1_302' title='bbox 767 2222 846 2280; x_wconf 82' lang='lat'><strong><em>82</em></strong></span> <span class='ocrx_word' id='word_1_303' title='bbox 888 2220 951 2277; x_wconf 91' lang='grc' dir='ltr'><strong><em>Τί</em></strong></span> <span class='ocrx_word' id='word_1_304' title='bbox 982 2222 1106 2278; x_wconf 75' lang='grc' dir='ltr'><strong><em>ἐστι</em></strong></span> <span class='ocrx_word' id='word_1_305' title='bbox 1138 2215 1539 2292; x_wconf 61' lang='grc' dir='ltr'><strong><em>περιεκτικόν,</em></strong></span> <span class='ocrx_word' id='word_1_306' title='bbox 1587 2213 1661 2276; x_wconf 82' lang='grc' dir='ltr'><strong><em>τό</em></strong></span> <span class='ocrx_word' id='word_1_307' title='bbox 1706 2221 1986 2293; x_wconf 76' lang='grc' dir='ltr'><strong><em>ἐμφαῖνον</em></strong></span> <span class='ocrx_word' id='word_1_308' title='bbox 2027 2265 2041 2279; x_wconf 92' lang='grc'><strong><em>.</em></strong></span> <span class='ocrx_word' id='word_1_309' title='bbox 2070 2262 2082 2274; x_wconf 94' lang='grc'><strong><em>.</em></strong></span> <span class='ocrx_word' id='word_1_310' title='bbox 2110 2261 2156 2274; x_wconf 94' lang='grc'><strong><em>..</em></strong></span> <span class='ocrx_word' id='word_1_311' title='bbox 2205 2212 2555 2288; x_wconf 75' lang='grc' dir='ltr'><strong><em>παρθενών,</em></strong></span> <span class='ocrx_word' id='word_1_312' title='bbox 2600 2212 2825 2286; x_wconf 79' lang='grc' dir='ltr'><strong><em>ἐλαιών,</em></strong></span> <span class='ocrx_word' id='word_1_313' title='bbox 2868 2227 3152 2291; x_wconf 83' lang='grc' dir='ltr'><strong><em>μουσεῖον,</em></strong></span> <span class='ocrx_word' id='word_1_314' title='bbox 3197 2228 3475 2295; x_wconf 83' lang='grc' dir='ltr'><strong><em>κουρεῖον.</em></strong></span> <span class='ocrx_word' id='word_1_315' title='bbox 3527 2253 3602 2262; x_wconf 93' lang='lat'><em>—</em></span> <span class='ocrx_word' id='word_1_316' title='bbox 3654 2220 3736 2279; x_wconf 86' lang='lat'><strong><em>83</em></strong></span> <span class='ocrx_word' id='word_1_317' title='bbox 3788 2217 3851 2278; x_wconf 83' lang='grc' dir='ltr'><strong><em>Τί</em></strong></span> <span class='ocrx_word' id='word_1_318' title='bbox 3894 2223 4015 2278; x_wconf 77' lang='grc' dir='ltr'><strong><em>ἐστι</em></strong></span> 
     </span>
     <span class='ocr_line' id='line_1_20' title="bbox 356 2325 4014 2410; baseline 0 -19"><span class='ocrx_word' id='word_1_319' title='bbox 356 2336 786 2408; x_wconf 65' lang='grc' dir='ltr'><strong><em>πεποιημένον,-</em></strong></span> <span class='ocrx_word' id='word_1_320' title='bbox 833 2328 902 2393; x_wconf 83' lang='grc' dir='ltr'><strong><em>τό</em></strong></span> <span class='ocrx_word' id='word_1_321' title='bbox 949 2328 1110 2410; x_wconf 79' lang='grc' dir='ltr'><strong><em>παρά</em></strong></span> <span class='ocrx_word' id='word_1_322' title='bbox 1157 2378 1168 2391; x_wconf 94' lang='grc'><strong><em>.</em></strong></span> <span class='ocrx_word' id='word_1_323' title='bbox 1199 2382 1211 2394; x_wconf 92' lang='grc'><strong><em>.</em></strong></span> <span class='ocrx_word' id='word_1_324' title='bbox 1237 2378 1288 2396; x_wconf 91' lang='grc'><strong><em>..</em></strong></span> <span class='ocrx_word' id='word_1_325' title='bbox 1337 2329 1678 2410; x_wconf 78' lang='grc' dir='ltr'><strong><em>όρυγμαδός.</em></strong></span> <span class='ocrx_word' id='word_1_326' title='bbox 1715 2366 1795 2378; x_wconf 92' lang='lat'>—</span> <span class='ocrx_word' id='word_1_327' title='bbox 1830 2334 1912 2393; x_wconf 83' lang='lat'><strong><em>84</em></strong></span> <span class='ocrx_word' id='word_1_328' title='bbox 1952 2335 2009 2391; x_wconf 86' lang='grc' dir='ltr'><strong><em>Τι’</em></strong></span> <span class='ocrx_word' id='word_1_329' title='bbox 2055 2334 2172 2388; x_wconf 77' lang='grc' dir='ltr'><strong><em>ἐστι</em></strong></span> <span class='ocrx_word' id='word_1_330' title='bbox 2217 2327 2471 2408; x_wconf 87' lang='grc' dir='ltr'><strong><em>γενικόν,·</em></strong></span> <span class='ocrx_word' id='word_1_331' title='bbox 2516 2325 2585 2389; x_wconf 85' lang='grc' dir='ltr'><strong><em>τό</em></strong></span> <span class='ocrx_word' id='word_1_332' title='bbox 2618 2374 2629 2387; x_wconf 95' lang='grc'><strong><em>.</em></strong></span> <span class='ocrx_word' id='word_1_333' title='bbox 2666 2376 2678 2389; x_wconf 94' lang='grc'><strong><em>.</em></strong></span> <span class='ocrx_word' id='word_1_334' title='bbox 2715 2380 2725 2390; x_wconf 96' lang='grc'><strong><em>.</em></strong></span> <span class='ocrx_word' id='word_1_335' title='bbox 2763 2379 2773 2389; x_wconf 95' lang='grc'><strong><em>.</em></strong></span> <span class='ocrx_word' id='word_1_336' title='bbox 2823 2325 3022 2406; x_wconf 83' lang='grc' dir='ltr'><strong><em>φυτόν.</em></strong></span> <span class='ocrx_word' id='word_1_337' title='bbox 3078 2366 3151 2375; x_wconf 85' lang='grc'><strong>-</strong></span> <span class='ocrx_word' id='word_1_338' title='bbox 3201 2333 3282 2391; x_wconf 84' lang='grc'><strong><em>85</em></strong></span> <span class='ocrx_word' id='word_1_339' title='bbox 3337 2331 3398 2390; x_wconf 88' lang='grc' dir='ltr'><strong><em>Τι’</em></strong></span> <span class='ocrx_word' id='word_1_340' title='bbox 3444 2332 3599 2388; x_wconf 81' lang='grc' dir='ltr'><strong><em>ἐστιν</em></strong></span> <span class='ocrx_word' id='word_1_341' title='bbox 3647 2327 3857 2390; x_wconf 74' lang='grc' dir='ltr'><strong><em>εἰδικόν</em></strong></span> <span class='ocrx_word' id='word_1_342' title='bbox 3873 2356 3899 2405; x_wconf 83' lang='grc'><strong><em>,·</em></strong></span> <span class='ocrx_word' id='word_1_343' title='bbox 3943 2327 4014 2391; x_wconf 78' lang='grc' dir='ltr'><strong><em>τό</em></strong></span> 
     </span>
     <span class='ocr_line' id='line_1_21' title="bbox 358 2437 4012 2525; baseline 0 -19"><span class='ocrx_word' id='word_1_344' title='bbox 358 2452 423 2507; x_wconf 75' lang='grc' dir='ltr'><strong><em>ἐκ</em></strong></span> <span class='ocrx_word' id='word_1_345' title='bbox 469 2447 570 2506; x_wconf 81' lang='grc' dir='ltr'><strong><em>τοῦ</em></strong></span> <span class='ocrx_word' id='word_1_346' title='bbox 615 2439 838 2525; x_wconf 79' lang='grc' dir='ltr'><strong><em>γενικοῦ</em></strong></span> <span class='ocrx_word' id='word_1_347' title='bbox 883 2450 1183 2525; x_wconf 83' lang='grc' dir='ltr'><strong><em>διαιρεθέν</em></strong></span> <span class='ocrx_word' id='word_1_348' title='bbox 1217 2496 1229 2508; x_wconf 99' lang='grc'><strong><em>.</em></strong></span> <span class='ocrx_word' id='word_1_349' title='bbox 1258 2498 1268 2509; x_wconf 93' lang='grc'><strong><em>.</em></strong></span> <span class='ocrx_word' id='word_1_350' title='bbox 1296 2495 1308 2506; x_wconf 90' lang='grc'><strong><em>.</em></strong></span> <span class='ocrx_word' id='word_1_351' title='bbox 1341 2491 1352 2504; x_wconf 95' lang='grc'><strong><em>.</em></strong></span> <span class='ocrx_word' id='word_1_352' title='bbox 1389 2446 1571 2504; x_wconf 81' lang='grc' dir='ltr'><strong><em>ἐλαία.</em></strong></span> <span class='ocrx_word' id='word_1_353' title='bbox 1622 2481 1697 2490; x_wconf 93' lang='lat'>—</span> <span class='ocrx_word' id='word_1_354' title='bbox 1749 2448 1831 2507; x_wconf 87' lang='grc'><strong><em>86</em></strong></span> <span class='ocrx_word' id='word_1_355' title='bbox 1868 2448 1926 2504; x_wconf 88' lang='grc' dir='ltr'><strong><em>Τί</em></strong></span> <span class='ocrx_word' id='word_1_356' title='bbox 1971 2447 2097 2503; x_wconf 79' lang='grc' dir='ltr'><strong><em>ἐστι</em></strong></span> <span class='ocrx_word' id='word_1_357' title='bbox 2141 2440 2457 2519; x_wconf 85' lang='grc' dir='ltr'><strong><em>τακτικόν,·</em></strong></span> <span class='ocrx_word' id='word_1_358' title='bbox 2501 2437 2569 2504; x_wconf 82' lang='grc' dir='ltr'><strong><em>τό</em></strong></span> <span class='ocrx_word' id='word_1_359' title='bbox 2598 2491 2612 2503; x_wconf 94' lang='grc'><strong><em>.</em></strong></span> <span class='ocrx_word' id='word_1_360' title='bbox 2638 2491 2649 2502; x_wconf 93' lang='grc'><strong><em>.</em></strong></span> <span class='ocrx_word' id='word_1_361' title='bbox 2678 2489 2690 2501; x_wconf 94' lang='grc'><strong><em>.</em></strong></span> <span class='ocrx_word' id='word_1_362' title='bbox 2718 2490 2731 2503; x_wconf 94' lang='grc'><strong><em>.</em></strong></span> <span class='ocrx_word' id='word_1_363' title='bbox 2763 2447 2974 2519; x_wconf 79' lang='grc' dir='ltr'><strong><em>τρίτος.</em></strong></span> <span class='ocrx_word' id='word_1_364' title='bbox 3025 2479 3108 2489; x_wconf 84' lang='grc'><strong><em>·-</em></strong></span> <span class='ocrx_word' id='word_1_365' title='bbox 3155 2445 3236 2507; x_wconf 86' lang='grc'><strong><em>87</em></strong></span> <span class='ocrx_word' id='word_1_366' title='bbox 3275 2447 3334 2505; x_wconf 88' lang='grc' dir='ltr'><strong><em>Τί</em></strong></span> <span class='ocrx_word' id='word_1_367' title='bbox 3379 2447 3530 2503; x_wconf 74' lang='grc' dir='ltr'><strong><em>ἐστιν</em></strong></span> <span class='ocrx_word' id='word_1_368' title='bbox 3577 2439 4012 2522; x_wconf 84' lang='grc' dir='ltr'><strong><em>α’ριθμητικόν;</em></strong></span> 
     </span>
     <span class='ocr_line' id='line_1_22' title="bbox 358 2549 4011 2638; baseline -0 -18"><span class='ocrx_word' id='word_1_369' title='bbox 358 2558 428 2621; x_wconf 82' lang='grc' dir='ltr'><strong><em>τό</em></strong></span> <span class='ocrx_word' id='word_1_370' title='bbox 454 2610 466 2623; x_wconf 93' lang='grc'><strong><em>.</em></strong></span> <span class='ocrx_word' id='word_1_371' title='bbox 496 2611 506 2622; x_wconf 91' lang='grc'><strong><em>.</em></strong></span> <span class='ocrx_word' id='word_1_372' title='bbox 535 2606 548 2619; x_wconf 94' lang='grc'><strong><em>.</em></strong></span> <span class='ocrx_word' id='word_1_373' title='bbox 575 2606 588 2621; x_wconf 94' lang='grc'><strong><em>.</em></strong></span> <span class='ocrx_word' id='word_1_374' title='bbox 624 2572 794 2638; x_wconf 80' lang='grc' dir='ltr'><strong><em>τρεῖς.</em></strong></span> <span class='ocrx_word' id='word_1_375' title='bbox 831 2597 902 2607; x_wconf 92' lang='grc'>-</span> <span class='ocrx_word' id='word_1_376' title='bbox 942 2564 1023 2624; x_wconf 87' lang='grc'><strong><em>88</em></strong></span> <span class='ocrx_word' id='word_1_377' title='bbox 1075 2564 1135 2621; x_wconf 88' lang='grc' dir='ltr'><strong><em>Τι’</em></strong></span> <span class='ocrx_word' id='word_1_378' title='bbox 1182 2563 1334 2618; x_wconf 83' lang='grc' dir='ltr'><strong><em>ἐστιν</em></strong></span> <span class='ocrx_word' id='word_1_379' title='bbox 1379 2553 1820 2633; x_wconf 76' lang='grc' dir='ltr'><strong><em>α’πολελυμένον</em></strong></span> <span class='ocrx_word' id='word_1_380' title='bbox 1839 2580 1862 2632; x_wconf 85' lang='grc'><strong><em>;</em></strong></span> <span class='ocrx_word' id='word_1_381' title='bbox 1911 2549 1945 2614; x_wconf 75' lang='grc' dir='ltr'>ὃ</span> <span class='ocrx_word' id='word_1_382' title='bbox 1977 2608 1990 2623; x_wconf 91' lang='grc'><strong><em>.</em></strong></span> <span class='ocrx_word' id='word_1_383' title='bbox 2027 2607 2039 2619; x_wconf 93' lang='grc'><strong><em>.</em></strong></span> <span class='ocrx_word' id='word_1_384' title='bbox 2071 2606 2086 2620; x_wconf 91' lang='grc'><strong><em>.</em></strong></span> <span class='ocrx_word' id='word_1_385' title='bbox 2118 2606 2134 2621; x_wconf 90' lang='grc'><strong><em>.</em></strong></span> <span class='ocrx_word' id='word_1_386' title='bbox 2166 2555 2352 2637; x_wconf 87' lang='grc' dir='ltr'><strong><em>λόγος,</em></strong></span> <span class='ocrx_word' id='word_1_387' title='bbox 2396 2552 2672 2636; x_wconf 73' lang='grc' dir='ltr'><strong><em>ἄγγελος,</em></strong></span> <span class='ocrx_word' id='word_1_388' title='bbox 2718 2554 2900 2637; x_wconf 71' lang='grc' dir='ltr'><strong><em>ψυχή.</em></strong></span> <span class='ocrx_word' id='word_1_389' title='bbox 2950 2594 3027 2603; x_wconf 91' lang='lat'>—</span> <span class='ocrx_word' id='word_1_390' title='bbox 3079 2561 3161 2621; x_wconf 89' lang='grc'><strong><em>89</em></strong></span> <span class='ocrx_word' id='word_1_391' title='bbox 3214 2559 3276 2619; x_wconf 89' lang='grc' dir='ltr'><strong><em>Τι’</em></strong></span> <span class='ocrx_word' id='word_1_392' title='bbox 3320 2562 3446 2618; x_wconf 83' lang='grc' dir='ltr'><strong><em>ἐστι</em></strong></span> <span class='ocrx_word' id='word_1_393' title='bbox 3490 2559 4011 2636; x_wconf 84' lang='grc' dir='ltr'><strong><em>μετουσιαστι.κόν;</em></strong></span> 
     </span>
    </p>
   </div>
   <div class='ocr_carea' id='block_1_6' title="bbox 354 2667 1549 2755">
    <p class='ocr_par' dir='ltr' id='par_1_6' title="bbox 354 2667 1549 2755">
     <span class='ocr_line' id='line_1_23' title="bbox 354 2667 1549 2755; baseline 0.002 -22"><span class='ocrx_word' id='word_1_394' title='bbox 354 2670 427 2734; x_wconf 82' lang='grc' dir='ltr'><strong><em>τό</em></strong></span> <span class='ocrx_word' id='word_1_395' title='bbox 470 2676 712 2755; x_wconf 85' lang='grc' dir='ltr'><strong><em>μετέχον</em></strong></span> <span class='ocrx_word' id='word_1_396' title='bbox 757 2720 770 2733; x_wconf 94' lang='grc'><strong><em>.</em></strong></span> <span class='ocrx_word' id='word_1_397' title='bbox 821 2720 832 2733; x_wconf 93' lang='grc'><strong><em>.</em></strong></span> <span class='ocrx_word' id='word_1_398' title='bbox 882 2721 894 2732; x_wconf 95' lang='grc'><strong><em>.</em></strong></span> <span class='ocrx_word' id='word_1_399' title='bbox 944 2721 955 2732; x_wconf 97' lang='grc'><strong><em>.</em></strong></span> <span class='ocrx_word' id='word_1_400' title='bbox 1004 2672 1256 2750; x_wconf 83' lang='grc' dir='ltr'><strong><em>πύρινος,</em></strong></span> <span class='ocrx_word' id='word_1_401' title='bbox 1302 2667 1549 2749; x_wconf 80' lang='grc' dir='ltr'><strong><em>δρύϊνος.</em></strong></span> 
     </span>
    </p>
   </div>
   <div class='ocr_carea' id='block_1_7' title="bbox 1881 2795 2217 2802">
    <p class='ocr_par' dir='ltr' id='par_1_7' title="bbox 1881 2795 2217 2802">
     <span class='ocr_line' id='line_1_24' title="bbox 1881 2795 2217 2802; baseline 0 0"><span class='ocrx_word' id='word_1_402' title='bbox 1881 2795 2217 2802; x_wconf 95' lang='lat' dir='ltr'><strong><em> </em></strong></span> 
     </span>
    </p>
   </div>
   <div class='ocr_carea' id='block_1_8' title="bbox 351 2894 4016 5029">
    <p class='ocr_par' dir='ltr' id='par_1_8' title="bbox 351 2894 4016 5029">
     <span class='ocr_line' id='line_1_25' title="bbox 774 2894 4009 2979; baseline -0.001 -16"><span class='ocrx_word' id='word_1_403' title='bbox 774 2898 874 2963; x_wconf 74' lang='lat' dir='ltr'><strong><em>EV</em></strong></span> <span class='ocrx_word' id='word_1_404' title='bbox 922 2904 958 2962; x_wconf 86' lang='lat'><strong>2</strong></span> <span class='ocrx_word' id='word_1_405' title='bbox 1010 2901 1129 2959; x_wconf 75' lang='grc' dir='ltr'><strong><em>Καὶ</em></strong></span> <span class='ocrx_word' id='word_1_406' title='bbox 1176 2900 1234 2960; x_wconf 87' lang='grc' dir='ltr'><strong><em>τί</em></strong></span> <span class='ocrx_word' id='word_1_407' title='bbox 1277 2903 1432 2960; x_wconf 85' lang='grc' dir='ltr'><strong><em>ἐστιν</em></strong></span> <span class='ocrx_word' id='word_1_408' title='bbox 1476 2894 1704 2975; x_wconf 63' lang='lat' dir='ltr'><strong><em>(fromn,-</em></strong></span> <span class='ocrx_word' id='word_1_409' title='bbox 1752 2897 1930 2979; x_wconf 85' lang='grc' dir='ltr'><strong><em>με’ρος</em></strong></span> <span class='ocrx_word' id='word_1_410' title='bbox 1975 2947 1990 2962; x_wconf 93' lang='grc'><strong><em>.</em></strong></span> <span class='ocrx_word' id='word_1_411' title='bbox 2040 2947 2052 2961; x_wconf 92' lang='grc'><strong><em>.</em></strong></span> <span class='ocrx_word' id='word_1_412' title='bbox 2100 2944 2112 2958; x_wconf 94' lang='grc'><strong><em>.</em></strong></span> <span class='ocrx_word' id='word_1_413' title='bbox 2163 2948 2174 2961; x_wconf 95' lang='grc'><strong><em>.</em></strong></span> <span class='ocrx_word' id='word_1_414' title='bbox 2224 2895 2497 2960; x_wconf 83' lang='grc' dir='ltr'><strong><em>Πλάτων.</em></strong></span> <span class='ocrx_word' id='word_1_415' title='bbox 2549 2933 2624 2945; x_wconf 91' lang='grc'><strong><em>--</em></strong></span> <span class='ocrx_word' id='word_1_416' title='bbox 2678 2905 2717 2962; x_wconf 86' lang='grc'>4</span> <span class='ocrx_word' id='word_1_417' title='bbox 2764 2895 2941 2959; x_wconf 87' lang='grc' dir='ltr'><strong><em>Πόσα</em></strong></span> <span class='ocrx_word' id='word_1_418' title='bbox 2986 2901 3313 2979; x_wconf 80' lang='grc' dir='ltr'><strong><em>παρέπεται</em></strong></span> <span class='ocrx_word' id='word_1_419' title='bbox 3359 2946 3373 2961; x_wconf 94' lang='grc'><strong><em>.</em></strong></span> <span class='ocrx_word' id='word_1_420' title='bbox 3420 2949 3435 2964; x_wconf 93' lang='grc'><strong><em>.</em></strong></span> <span class='ocrx_word' id='word_1_421' title='bbox 3484 2947 3496 2961; x_wconf 93' lang='grc'><strong><em>.</em></strong></span> <span class='ocrx_word' id='word_1_422' title='bbox 3547 2947 3559 2961; x_wconf 95' lang='grc'><strong><em>.</em></strong></span> <span class='ocrx_word' id='word_1_423' title='bbox 3612 2898 3882 2972; x_wconf 83' lang='grc' dir='ltr'><strong><em>πτώσεις.</em></strong></span> <span class='ocrx_word' id='word_1_424' title='bbox 3929 2938 4009 2949; x_wconf 91' lang='lat'><strong><em>—-</em></strong></span> 
     </span>
     <span class='ocr_line' id='line_1_26' title="bbox 358 3007 3948 3094; baseline 0 -17"><span class='ocrx_word' id='word_1_425' title='bbox 358 3020 394 3077; x_wconf 83' lang='lat'>5</span> <span class='ocrx_word' id='word_1_426' title='bbox 443 3012 624 3074; x_wconf 88' lang='grc' dir='ltr'><strong><em>Πόσα</em></strong></span> <span class='ocrx_word' id='word_1_427' title='bbox 670 3019 844 3093; x_wconf 73' lang='grc' dir='ltr'><strong><em>γένη,·</em></strong></span> <span class='ocrx_word' id='word_1_428' title='bbox 895 3059 907 3071; x_wconf 93' lang='grc'><strong><em>.</em></strong></span> <span class='ocrx_word' id='word_1_429' title='bbox 955 3059 968 3071; x_wconf 95' lang='grc'><strong><em>.</em></strong></span> <span class='ocrx_word' id='word_1_430' title='bbox 1016 3059 1028 3070; x_wconf 94' lang='grc'><strong><em>.</em></strong></span> <span class='ocrx_word' id='word_1_431' title='bbox 1076 3061 1091 3077; x_wconf 94' lang='grc'><strong><em>.</em></strong></span> <span class='ocrx_word' id='word_1_432' title='bbox 1139 3011 1461 3092; x_wconf 72' lang='grc' dir='ltr'><strong><em>οὐδέτερον.</em></strong></span> <span class='ocrx_word' id='word_1_433' title='bbox 1551 3015 1608 3074; x_wconf 85' lang='grc' dir='ltr'><strong><em>τί</em></strong></span> <span class='ocrx_word' id='word_1_434' title='bbox 1653 3019 1771 3075; x_wconf 76' lang='grc' dir='ltr'><strong><em>ἐστι</em></strong></span> <span class='ocrx_word' id='word_1_435' title='bbox 1816 3017 2007 3093; x_wconf 82' lang='grc' dir='ltr'><strong><em>γέι·ος,·</em></strong></span> <span class='ocrx_word' id='word_1_436' title='bbox 2055 3062 2070 3076; x_wconf 91' lang='grc'><strong><em>.</em></strong></span> <span class='ocrx_word' id='word_1_437' title='bbox 2117 3059 2130 3072; x_wconf 94' lang='grc'><strong><em>.</em></strong></span> <span class='ocrx_word' id='word_1_438' title='bbox 2178 3059 2190 3072; x_wconf 95' lang='grc'><strong><em>.</em></strong></span> <span class='ocrx_word' id='word_1_439' title='bbox 2239 3058 2252 3071; x_wconf 93' lang='grc'><strong><em>.</em></strong></span> <span class='ocrx_word' id='word_1_440' title='bbox 2300 3007 2611 3091; x_wconf 68' lang='grc' dir='ltr'><strong><em>οὐδέτερόν</em></strong></span> <span class='ocrx_word' id='word_1_441' title='bbox 2655 3035 2709 3074; x_wconf 86' lang='grc' dir='ltr'><strong><em>τι</em></strong></span> <span class='ocrx_word' id='word_1_442' title='bbox 2754 3016 3073 3091; x_wconf 82' lang='grc' dir='ltr'><strong><em>διακρίνων.</em></strong></span> <span class='ocrx_word' id='word_1_443' title='bbox 3136 3017 3193 3073; x_wconf 88' lang='grc' dir='ltr'><strong><em>τί</em></strong></span> <span class='ocrx_word' id='word_1_444' title='bbox 3236 3021 3389 3075; x_wconf 75' lang='grc' dir='ltr'><strong><em>ἐστιν</em></strong></span> <span class='ocrx_word' id='word_1_445' title='bbox 3437 3013 3762 3094; x_wconf 68' lang='grc' dir='ltr'><strong><em>ἀρσενικόν,</em></strong></span> <span class='ocrx_word' id='word_1_446' title='bbox 3813 3066 3828 3080; x_wconf 92' lang='grc'><strong><em>.</em></strong></span> <span class='ocrx_word' id='word_1_447' title='bbox 3874 3064 3888 3077; x_wconf 93' lang='grc'><strong><em>.</em></strong></span> <span class='ocrx_word' id='word_1_448' title='bbox 3935 3063 3948 3076; x_wconf 95' lang='grc'><strong><em>.</em></strong></span> 
     </span>
     <span class='ocr_line' id='line_1_27' title="bbox 354 3122 4013 3207; baseline 0.002 -22"><span class='ocrx_word' id='word_1_449' title='bbox 354 3125 533 3207; x_wconf 78' lang='grc' dir='ltr'><strong><em>βῆμα.</em></strong></span> <span class='ocrx_word' id='word_1_450' title='bbox 601 3131 656 3185; x_wconf 84' lang='grc' dir='ltr'><strong><em>τί</em></strong></span> <span class='ocrx_word' id='word_1_451' title='bbox 692 3131 815 3186; x_wconf 76' lang='grc' dir='ltr'><strong><em>ἐστι</em></strong></span> <span class='ocrx_word' id='word_1_452' title='bbox 854 3122 1040 3188; x_wconf 81' lang='grc' dir='ltr'><strong><em>κοινὸν</em></strong></span> <span class='ocrx_word' id='word_1_453' title='bbox 1076 3124 1276 3206; x_wconf 85' lang='grc' dir='ltr'><strong><em>γε’νος;</em></strong></span> <span class='ocrx_word' id='word_1_454' title='bbox 1316 3176 1329 3189; x_wconf 93' lang='grc'><strong><em>.</em></strong></span> <span class='ocrx_word' id='word_1_455' title='bbox 1355 3174 1368 3187; x_wconf 94' lang='grc'><strong><em>.</em></strong></span> <span class='ocrx_word' id='word_1_456' title='bbox 1395 3174 1407 3187; x_wconf 94' lang='grc'><strong><em>.</em></strong></span> <span class='ocrx_word' id='word_1_457' title='bbox 1433 3174 1446 3187; x_wconf 93' lang='grc'><strong><em>.</em></strong></span> <span class='ocrx_word' id='word_1_458' title='bbox 1497 3123 1535 3205; x_wconf 72' lang='grc' dir='ltr'><strong><em>η’</em></strong></span> <span class='ocrx_word' id='word_1_459' title='bbox 1583 3125 1916 3205; x_wconf 77' lang='grc' dir='ltr'><strong><em>ἅνθρωπος,</em></strong></span> <span class='ocrx_word' id='word_1_460' title='bbox 1963 3127 1993 3187; x_wconf 89' lang='grc' dir='ltr'><strong><em>ό</em></strong></span> <span class='ocrx_word' id='word_1_461' title='bbox 2043 3122 2218 3196; x_wconf 77' lang='grc' dir='ltr'><strong><em>ἵππος</em></strong></span> <span class='ocrx_word' id='word_1_462' title='bbox 2264 3126 2423 3204; x_wconf 79' lang='grc' dir='ltr'><strong><em>καὶὴ</em></strong></span> <span class='ocrx_word' id='word_1_463' title='bbox 2458 3123 2653 3198; x_wconf 81' lang='grc' dir='ltr'><strong><em>ἵππος,</em></strong></span> <span class='ocrx_word' id='word_1_464' title='bbox 2700 3127 2732 3187; x_wconf 91' lang='grc' dir='ltr'><strong><em>ό</em></strong></span> <span class='ocrx_word' id='word_1_465' title='bbox 2765 3124 2926 3187; x_wconf 75' lang='grc' dir='ltr'><strong><em>κύων</em></strong></span> <span class='ocrx_word' id='word_1_466' title='bbox 2972 3131 3070 3188; x_wconf 81' lang='grc' dir='ltr'><strong><em>καὶ</em></strong></span> <span class='ocrx_word' id='word_1_467' title='bbox 3118 3123 3152 3206; x_wconf 79' lang='grc' dir='ltr'><strong><em>ἡ</em></strong></span> <span class='ocrx_word' id='word_1_468' title='bbox 3199 3123 3367 3194; x_wconf 83' lang='grc' dir='ltr'><strong><em>κύων.</em></strong></span> <span class='ocrx_word' id='word_1_469' title='bbox 3413 3133 3468 3189; x_wconf 86' lang='grc' dir='ltr'><strong><em>τί</em></strong></span> <span class='ocrx_word' id='word_1_470' title='bbox 3513 3134 3671 3189; x_wconf 80' lang='grc' dir='ltr'><strong><em>ἐστιν</em></strong></span> <span class='ocrx_word' id='word_1_471' title='bbox 3724 3135 4013 3192; x_wconf 76' lang='grc' dir='ltr'><strong><em>ἐπίκοινον</em></strong></span> 
     </span>
     <span class='ocr_line' id='line_1_28' title="bbox 356 3218 4015 3321; baseline 0.001 -21"><span class='ocrx_word' id='word_1_472' title='bbox 356 3244 526 3320; x_wconf 78' lang='grc' dir='ltr'><strong><em>γένος</em></strong></span> <span class='ocrx_word' id='word_1_473' title='bbox 536 3265 559 3315; x_wconf 85' lang='lat'><strong><em>‚-</em></strong></span> <span class='ocrx_word' id='word_1_474' title='bbox 605 3236 673 3300; x_wconf 81' lang='grc' dir='ltr'><strong><em>τὸ</em></strong></span> <span class='ocrx_word' id='word_1_475' title='bbox 719 3244 778 3299; x_wconf 73' lang='grc' dir='ltr'><strong><em>ἐν</em></strong></span> <span class='ocrx_word' id='word_1_476' title='bbox 823 3232 934 3318; x_wconf 60' lang='lat' dir='ltr'><strong><em>fuci</em></strong></span> <span class='ocrx_word' id='word_1_477' title='bbox 982 3238 1152 3321; x_wconf 77' lang='grc' dir='ltr'><strong><em>φωνῇ</em></strong></span> <span class='ocrx_word' id='word_1_478' title='bbox 1196 3218 1348 3318; x_wconf 37' lang='grc' dir='ltr'><strong><em>μετἰὶ</em></strong></span> <span class='ocrx_word' id='word_1_479' title='bbox 1392 3237 1521 3311; x_wconf 75' lang='grc' dir='ltr'><strong><em>ἑνός</em></strong></span> <span class='ocrx_word' id='word_1_480' title='bbox 1566 3239 1796 3319; x_wconf 78' lang='grc' dir='ltr'><strong><em>ἄρθρου</em></strong></span> <span class='ocrx_word' id='word_1_481' title='bbox 1845 3239 2158 3321; x_wconf 77' lang='grc' dir='ltr'><strong><em>λεγόμενον</em></strong></span> <span class='ocrx_word' id='word_1_482' title='bbox 2189 3235 2224 3318; x_wconf 78' lang='grc' dir='ltr'><strong><em>ἢ</em></strong></span> <span class='ocrx_word' id='word_1_483' title='bbox 2251 3237 2435 3319; x_wconf 89' lang='grc' dir='ltr'><strong><em>μόνου</em></strong></span> <span class='ocrx_word' id='word_1_484' title='bbox 2466 3239 2767 3319; x_wconf 77' lang='grc' dir='ltr'><strong><em>ἀρσενικοῦ</em></strong></span> <span class='ocrx_word' id='word_1_485' title='bbox 2798 3236 2833 3318; x_wconf 79' lang='grc' dir='ltr'>ἢ</span> <span class='ocrx_word' id='word_1_486' title='bbox 2862 3239 3045 3319; x_wconf 89' lang='grc' dir='ltr'><strong><em>μόνου</em></strong></span> <span class='ocrx_word' id='word_1_487' title='bbox 3070 3239 3337 3318; x_wconf 78' lang='grc' dir='ltr'><strong><em>θηλυκοῦ</em></strong></span> <span class='ocrx_word' id='word_1_488' title='bbox 3368 3244 3461 3302; x_wconf 82' lang='grc' dir='ltr'><strong><em>καὶ</em></strong></span> <span class='ocrx_word' id='word_1_489' title='bbox 3493 3256 3775 3320; x_wconf 81' lang='grc' dir='ltr'><strong><em>σημαῖνον</em></strong></span> <span class='ocrx_word' id='word_1_490' title='bbox 3806 3240 3882 3305; x_wconf 73' lang='lat' dir='ltr'><strong><em>w?</em></strong></span> <span class='ocrx_word' id='word_1_491' title='bbox 3911 3242 4015 3306; x_wconf 88' lang='grc' dir='ltr'><strong><em>δύο</em></strong></span> 
     </span>
     <span class='ocr_line' id='line_1_29' title="bbox 354 3350 4012 3435; baseline 0.001 -21"><span class='ocrx_word' id='word_1_492' title='bbox 354 3358 510 3434; x_wconf 74' lang='grc' dir='ltr'><strong><em>γένη,</em></strong></span> <span class='ocrx_word' id='word_1_493' title='bbox 554 3350 626 3414; x_wconf 86' lang='grc' dir='ltr'><strong><em>τό</em></strong></span> <span class='ocrx_word' id='word_1_494' title='bbox 670 3375 736 3414; x_wconf 83' lang='grc' dir='ltr'><strong><em>τε</em></strong></span> <span class='ocrx_word' id='word_1_495' title='bbox 778 3350 1084 3431; x_wconf 71' lang='grc' dir='ltr'><strong><em>ἀρσενικόν</em></strong></span> <span class='ocrx_word' id='word_1_496' title='bbox 1144 3361 1237 3414; x_wconf 68' lang='grc' dir='ltr'><strong><em>καὶ</em></strong></span> <span class='ocrx_word' id='word_1_497' title='bbox 1299 3350 1366 3415; x_wconf 82' lang='grc' dir='ltr'><strong><em>τό</em></strong></span> <span class='ocrx_word' id='word_1_498' title='bbox 1422 3351 1702 3431; x_wconf 85' lang='grc' dir='ltr'><strong><em>θηλυκόν,</em></strong></span> <span class='ocrx_word' id='word_1_499' title='bbox 1758 3350 1879 3417; x_wconf 78' lang='grc' dir='ltr'><strong><em>οἷον</em></strong></span> <span class='ocrx_word' id='word_1_500' title='bbox 1941 3354 1973 3415; x_wconf 88' lang='grc' dir='ltr'>ὁ</span> <span class='ocrx_word' id='word_1_501' title='bbox 2035 3350 2234 3434; x_wconf 83' lang='grc' dir='ltr'><strong><em>κόραξ,</em></strong></span> <span class='ocrx_word' id='word_1_502' title='bbox 2295 3355 2328 3433; x_wconf 80' lang='grc' dir='ltr'><strong><em>ἡ</em></strong></span> <span class='ocrx_word' id='word_1_503' title='bbox 2387 3353 2632 3435; x_wconf 84' lang='grc' dir='ltr'><strong><em>κορώιη,</em></strong></span> <span class='ocrx_word' id='word_1_504' title='bbox 2693 3352 2724 3415; x_wconf 88' lang='grc' dir='ltr'>ὁ</span> <span class='ocrx_word' id='word_1_505' title='bbox 2786 3351 2973 3427; x_wconf 81' lang='grc' dir='ltr'><strong><em>ἀετός,</em></strong></span> <span class='ocrx_word' id='word_1_506' title='bbox 3032 3351 3072 3432; x_wconf 67' lang='grc' dir='ltr'><strong><em>η’</em></strong></span> <span class='ocrx_word' id='word_1_507' title='bbox 3135 3352 3395 3435; x_wconf 80' lang='grc' dir='ltr'><strong><em>χελιδών.</em></strong></span> <span class='ocrx_word' id='word_1_508' title='bbox 3450 3392 3541 3404; x_wconf 88' lang='grc'><strong>-</strong></span> <span class='ocrx_word' id='word_1_509' title='bbox 3599 3361 3752 3434; x_wconf 77' lang='grc' dir='ltr'><strong><em>Περὶ</em></strong></span> <span class='ocrx_word' id='word_1_510' title='bbox 3810 3356 4012 3427; x_wconf 83' lang='grc' dir='ltr'><strong><em>εἴδους.</em></strong></span> 
     </span>
     <span class='ocr_line' id='line_1_30' title="bbox 358 3463 4008 3552; baseline 0.001 -24"><span class='ocrx_word' id='word_1_511' title='bbox 358 3472 396 3533; x_wconf 88' lang='grc'>9</span> <span class='ocrx_word' id='word_1_512' title='bbox 444 3465 605 3528; x_wconf 89' lang='grc' dir='ltr'><strong><em>πόσα</em></strong></span> <span class='ocrx_word' id='word_1_513' title='bbox 649 3514 663 3527; x_wconf 94' lang='grc'><strong><em>.</em></strong></span> <span class='ocrx_word' id='word_1_514' title='bbox 710 3515 723 3527; x_wconf 92' lang='grc'><strong><em>.</em></strong></span> <span class='ocrx_word' id='word_1_515' title='bbox 771 3515 784 3528; x_wconf 94' lang='grc'><strong><em>.</em></strong></span> <span class='ocrx_word' id='word_1_516' title='bbox 832 3515 844 3529; x_wconf 95' lang='grc'><strong><em>.</em></strong></span> <span class='ocrx_word' id='word_1_517' title='bbox 897 3465 1224 3547; x_wconf 77' lang='grc' dir='ltr'><strong><em>γεννήσεως</em></strong></span> <span class='ocrx_word' id='word_1_518' title='bbox 1269 3518 1282 3530; x_wconf 91' lang='grc'><strong><em>.</em></strong></span> <span class='ocrx_word' id='word_1_519' title='bbox 1331 3517 1344 3530; x_wconf 93' lang='grc'><strong><em>.</em></strong></span> <span class='ocrx_word' id='word_1_520' title='bbox 1391 3518 1408 3534; x_wconf 88' lang='grc'><strong><em>.</em></strong></span> <span class='ocrx_word' id='word_1_521' title='bbox 1456 3516 1468 3527; x_wconf 95' lang='grc'><strong><em>.</em></strong></span> <span class='ocrx_word' id='word_1_522' title='bbox 1516 3473 1728 3548; x_wconf 79' lang='grc' dir='ltr'><strong><em>γένεσιν</em></strong></span> <span class='ocrx_word' id='word_1_523' title='bbox 1764 3520 1776 3532; x_wconf 94' lang='grc'><strong><em>.</em></strong></span> <span class='ocrx_word' id='word_1_524' title='bbox 1811 3518 1824 3531; x_wconf 93' lang='grc'><strong><em>.</em></strong></span> <span class='ocrx_word' id='word_1_525' title='bbox 1857 3516 1870 3530; x_wconf 93' lang='grc'><strong><em>.</em></strong></span> <span class='ocrx_word' id='word_1_526' title='bbox 1904 3516 1917 3528; x_wconf 92' lang='grc'><strong><em>.</em></strong></span> <span class='ocrx_word' id='word_1_527' title='bbox 1952 3468 2149 3547; x_wconf 79' lang='grc' dir='ltr'><strong><em>φωνῆς</em></strong></span> <span class='ocrx_word' id='word_1_528' title='bbox 2193 3467 2357 3531; x_wconf 79' lang='grc' dir='ltr'><strong><em>εἰκών</em></strong></span> <span class='ocrx_word' id='word_1_529' title='bbox 2403 3463 2508 3547; x_wconf 65' lang='grc' dir='ltr'><strong><em>τήν</em></strong></span> <span class='ocrx_word' id='word_1_530' title='bbox 2555 3474 2617 3531; x_wconf 72' lang='grc' dir='ltr'><strong><em>ἐν</em></strong></span> <span class='ocrx_word' id='word_1_531' title='bbox 2662 3464 2832 3544; x_wconf 72' lang='grc' dir='ltr'><strong><em>αύτῷ</em></strong></span> <span class='ocrx_word' id='word_1_532' title='bbox 2876 3470 3171 3547; x_wconf 79' lang='grc' dir='ltr'><strong><em>δηλοῦσαν</em></strong></span> <span class='ocrx_word' id='word_1_533' title='bbox 3202 3471 3344 3552; x_wconf 83' lang='lat' dir='ltr'><strong>(Sic)</strong></span> <span class='ocrx_word' id='word_1_534' title='bbox 3376 3466 3615 3550; x_wconf 86' lang='grc' dir='ltr'><strong><em>πρώτην</em></strong></span> <span class='ocrx_word' id='word_1_535' title='bbox 3660 3466 3707 3546; x_wconf 71' lang='grc' dir='ltr'><strong><em>η’</em></strong></span> <span class='ocrx_word' id='word_1_536' title='bbox 3734 3474 4008 3550; x_wconf 80' lang='grc' dir='ltr'><strong><em>δευτέραν</em></strong></span> 
     </span>
     <span class='ocr_line' id='line_1_31' title="bbox 356 3579 4016 3663; baseline 0.001 -23"><span class='ocrx_word' id='word_1_537' title='bbox 356 3581 536 3641; x_wconf 78' lang='grc' dir='ltr'><strong><em>θέσιν.</em></strong></span> <span class='ocrx_word' id='word_1_538' title='bbox 573 3618 652 3630; x_wconf 87' lang='grc'><strong><em>--</em></strong></span> <span class='ocrx_word' id='word_1_539' title='bbox 697 3588 763 3646; x_wconf 89' lang='lat' dir='ltr'><strong><em>ll</em></strong></span> <span class='ocrx_word' id='word_1_540' title='bbox 807 3579 986 3644; x_wconf 88' lang='grc' dir='ltr'><strong><em>Πόσα</em></strong></span> <span class='ocrx_word' id='word_1_541' title='bbox 1017 3580 1138 3661; x_wconf 83' lang='grc' dir='ltr'><strong><em>εἴδη</em></strong></span> <span class='ocrx_word' id='word_1_542' title='bbox 1161 3630 1174 3643; x_wconf 93' lang='grc'><strong><em>.</em></strong></span> <span class='ocrx_word' id='word_1_543' title='bbox 1200 3628 1213 3641; x_wconf 92' lang='grc'><strong><em>.</em></strong></span> <span class='ocrx_word' id='word_1_544' title='bbox 1240 3628 1252 3642; x_wconf 94' lang='grc'><strong><em>.</em></strong></span> <span class='ocrx_word' id='word_1_545' title='bbox 1282 3632 1295 3645; x_wconf 92' lang='grc'><strong><em>.</em></strong></span> <span class='ocrx_word' id='word_1_546' title='bbox 1327 3579 1684 3663; x_wconf 75' lang='grc' dir='ltr'><strong><em>παρώνυμον</em></strong></span> <span class='ocrx_word' id='word_1_547' title='bbox 1729 3586 1824 3643; x_wconf 85' lang='grc' dir='ltr'><strong><em>καὶ</em></strong></span> <span class='ocrx_word' id='word_1_548' title='bbox 1873 3582 2210 3659; x_wconf 81' lang='grc' dir='ltr'><strong><em>ρηματικόν.</em></strong></span> <span class='ocrx_word' id='word_1_549' title='bbox 2244 3620 2324 3630; x_wconf 92' lang='lat'><strong><em>-—</em></strong></span> <span class='ocrx_word' id='word_1_550' title='bbox 2370 3589 2445 3647; x_wconf 86' lang='lat'><strong><em>14</em></strong></span> <span class='ocrx_word' id='word_1_551' title='bbox 2482 3585 2545 3645; x_wconf 89' lang='grc' dir='ltr'><strong><em>Τί</em></strong></span> <span class='ocrx_word' id='word_1_552' title='bbox 2572 3588 2693 3644; x_wconf 73' lang='grc' dir='ltr'><strong><em>ἐστι</em></strong></span> <span class='ocrx_word' id='word_1_553' title='bbox 2721 3579 3208 3663; x_wconf 71' lang='grc' dir='ltr'><strong><em>πατρωνυμικόνς</em></strong></span> <span class='ocrx_word' id='word_1_554' title='bbox 3254 3581 3322 3644; x_wconf 84' lang='grc' dir='ltr'><strong><em>τὸ</em></strong></span> <span class='ocrx_word' id='word_1_555' title='bbox 3349 3579 3473 3644; x_wconf 77' lang='grc' dir='ltr'><strong><em>άπὸ</em></strong></span> <span class='ocrx_word' id='word_1_556' title='bbox 3501 3582 3729 3662; x_wconf 84' lang='grc' dir='ltr'><strong><em>πατρὸς</em></strong></span> <span class='ocrx_word' id='word_1_557' title='bbox 3751 3631 3764 3644; x_wconf 94' lang='grc'><strong><em>.</em></strong></span> <span class='ocrx_word' id='word_1_558' title='bbox 3792 3631 3804 3644; x_wconf 92' lang='grc'><strong><em>.</em></strong></span> <span class='ocrx_word' id='word_1_559' title='bbox 3832 3633 3847 3649; x_wconf 93' lang='grc'><strong><em>.</em></strong></span> <span class='ocrx_word' id='word_1_560' title='bbox 3874 3631 3885 3643; x_wconf 96' lang='grc'><strong><em>.</em></strong></span> <span class='ocrx_word' id='word_1_561' title='bbox 3919 3590 4016 3645; x_wconf 72' lang='grc' dir='ltr'><strong><em>καὶ</em></strong></span> 
     </span>
     <span class='ocr_line' id='line_1_32' title="bbox 355 3691 4015 3778; baseline 0.001 -23"><span class='ocrx_word' id='word_1_562' title='bbox 355 3691 476 3755; x_wconf 82' lang='grc' dir='ltr'><strong><em>ἀπό</em></strong></span> <span class='ocrx_word' id='word_1_563' title='bbox 509 3692 830 3775; x_wconf 88' lang='grc' dir='ltr'><strong><em>προγόνων,</em></strong></span> <span class='ocrx_word' id='word_1_564' title='bbox 874 3691 997 3757; x_wconf 83' lang='grc' dir='ltr'><strong><em>οἷον</em></strong></span> <span class='ocrx_word' id='word_1_565' title='bbox 1030 3699 1345 3773; x_wconf 88' lang='grc' dir='ltr'><strong><em>Πηλείδης,</em></strong></span> <span class='ocrx_word' id='word_1_566' title='bbox 1391 3699 1699 3775; x_wconf 78' lang='grc' dir='ltr'><strong><em>Αἰακίδης.</em></strong></span> <span class='ocrx_word' id='word_1_567' title='bbox 1756 3701 1830 3761; x_wconf 83' lang='grc'>16</span> <span class='ocrx_word' id='word_1_568' title='bbox 1863 3694 2040 3759; x_wconf 84' lang='grc' dir='ltr'><strong><em>πόσοι</em></strong></span> <span class='ocrx_word' id='word_1_569' title='bbox 2072 3744 2085 3757; x_wconf 93' lang='grc'><strong><em>.</em></strong></span> <span class='ocrx_word' id='word_1_570' title='bbox 2118 3744 2131 3757; x_wconf 94' lang='grc'><strong><em>.</em></strong></span> <span class='ocrx_word' id='word_1_571' title='bbox 2167 3748 2179 3759; x_wconf 91' lang='grc'><strong><em>.</em></strong></span> <span class='ocrx_word' id='word_1_572' title='bbox 2213 3744 2225 3757; x_wconf 95' lang='grc'><strong><em>.</em></strong></span> <span class='ocrx_word' id='word_1_573' title='bbox 2272 3698 2388 3757; x_wconf 80' lang='grc' dir='ltr'><strong><em>τῶν</em></strong></span> <span class='ocrx_word' id='word_1_574' title='bbox 2432 3698 2932 3777; x_wconf 80' lang='grc' dir='ltr'><strong><em>πατρωνυμικών;</em></strong></span> <span class='ocrx_word' id='word_1_575' title='bbox 2981 3711 3154 3778; x_wconf 79' lang='grc' dir='ltr'><strong><em>τρεῖς·</em></strong></span> <span class='ocrx_word' id='word_1_576' title='bbox 3203 3700 3235 3759; x_wconf 90' lang='grc' dir='ltr'>ὀ</span> <span class='ocrx_word' id='word_1_577' title='bbox 3282 3702 3367 3768; x_wconf 77' lang='grc' dir='ltr'><strong><em>εἰς</em></strong></span> <span class='ocrx_word' id='word_1_578' title='bbox 3411 3722 3497 3775; x_wconf 85' lang='grc' dir='ltr'><strong><em>ης,</em></strong></span> <span class='ocrx_word' id='word_1_579' title='bbox 3542 3694 3666 3760; x_wconf 82' lang='grc' dir='ltr'><strong><em>οἷον</em></strong></span> <span class='ocrx_word' id='word_1_580' title='bbox 3698 3694 4015 3778; x_wconf 83' lang='grc' dir='ltr'><strong><em>Ἀτρείδης,</em></strong></span> 
     </span>
     <span class='ocr_line' id='line_1_33' title="bbox 356 3805 4014 3892; baseline 0.002 -24"><span class='ocrx_word' id='word_1_581' title='bbox 356 3808 389 3869; x_wconf 88' lang='grc' dir='ltr'><strong><em>ό</em></strong></span> <span class='ocrx_word' id='word_1_582' title='bbox 439 3812 523 3878; x_wconf 72' lang='grc' dir='ltr'><strong><em>εἰς</em></strong></span> <span class='ocrx_word' id='word_1_583' title='bbox 568 3833 667 3882; x_wconf 89' lang='grc' dir='ltr'><strong><em>ων,</em></strong></span> <span class='ocrx_word' id='word_1_584' title='bbox 712 3806 834 3870; x_wconf 85' lang='grc' dir='ltr'><strong><em>οἷον</em></strong></span> <span class='ocrx_word' id='word_1_585' title='bbox 873 3808 1149 3888; x_wconf 83' lang='grc' dir='ltr'><strong><em>Ἀτρείων</em></strong></span> <span class='ocrx_word' id='word_1_586' title='bbox 1195 3816 1292 3870; x_wconf 74' lang='grc' dir='ltr'><strong><em>καὶ</em></strong></span> <span class='ocrx_word' id='word_1_587' title='bbox 1325 3806 1356 3871; x_wconf 88' lang='grc' dir='ltr'>ὁ</span> <span class='ocrx_word' id='word_1_588' title='bbox 1391 3815 1474 3880; x_wconf 77' lang='grc' dir='ltr'><strong><em>εἰς</em></strong></span> <span class='ocrx_word' id='word_1_589' title='bbox 1503 3815 1683 3884; x_wconf 87' lang='grc' dir='ltr'><strong><em>αδιος,</em></strong></span> <span class='ocrx_word' id='word_1_590' title='bbox 1730 3808 1851 3872; x_wconf 85' lang='grc' dir='ltr'><strong><em>οἷον</em></strong></span> <span class='ocrx_word' id='word_1_591' title='bbox 1880 3808 2204 3892; x_wconf 80' lang='grc' dir='ltr'><strong><em>Ὑρράδιος,</em></strong></span> <span class='ocrx_word' id='word_1_592' title='bbox 2251 3811 2283 3872; x_wconf 86' lang='grc' dir='ltr'>ὁ</span> <span class='ocrx_word' id='word_1_593' title='bbox 2311 3808 2413 3872; x_wconf 77' lang='grc' dir='ltr'><strong><em>τοῦ</em></strong></span> <span class='ocrx_word' id='word_1_594' title='bbox 2432 3805 2623 3890; x_wconf 68' lang='grc' dir='ltr'><strong><em>’Υρρα</em></strong></span> <span class='ocrx_word' id='word_1_595' title='bbox 2666 3824 2822 3883; x_wconf 84' lang='grc' dir='ltr'><strong><em>παῖς.</em></strong></span> <span class='ocrx_word' id='word_1_596' title='bbox 2900 3816 2975 3877; x_wconf 83' lang='grc'><strong><em>18</em></strong></span> <span class='ocrx_word' id='word_1_597' title='bbox 3007 3810 3181 3875; x_wconf 85' lang='grc' dir='ltr'><strong><em>πόσοι</em></strong></span> <span class='ocrx_word' id='word_1_598' title='bbox 3210 3809 3379 3873; x_wconf 87' lang='grc' dir='ltr'><strong><em>τύποι</em></strong></span> <span class='ocrx_word' id='word_1_599' title='bbox 3412 3814 3525 3873; x_wconf 83' lang='grc' dir='ltr'><strong><em>τῶν</em></strong></span> <span class='ocrx_word' id='word_1_600' title='bbox 3556 3812 4014 3891; x_wconf 81' lang='grc' dir='ltr'><strong><em>πατρωνυμικοῖν</em></strong></span> 
     </span>
     <span class='ocr_line' id='line_1_34' title="bbox 355 3920 4014 4007; baseline 0.001 -25"><span class='ocrx_word' id='word_1_601' title='bbox 355 3924 633 4000; x_wconf 75' lang='grc' dir='ltr'><strong><em>θηλυκῶν</em></strong></span> <span class='ocrx_word' id='word_1_602' title='bbox 642 3947 670 4001; x_wconf 85' lang='lat'><em>;</em></span> <span class='ocrx_word' id='word_1_603' title='bbox 727 3936 899 4003; x_wconf 81' lang='grc' dir='ltr'><strong><em>τρεῖς·</em></strong></span> <span class='ocrx_word' id='word_1_604' title='bbox 992 3923 1024 3984; x_wconf 88' lang='grc' dir='ltr'><strong>ὁ</strong></span> <span class='ocrx_word' id='word_1_605' title='bbox 1079 3928 1161 3995; x_wconf 76' lang='grc' dir='ltr'><strong><em>εἰς</em></strong></span> <span class='ocrx_word' id='word_1_606' title='bbox 1216 3948 1284 3997; x_wconf 89' lang='grc' dir='ltr'><strong><em>ις,</em></strong></span> <span class='ocrx_word' id='word_1_607' title='bbox 1345 3920 1469 3986; x_wconf 82' lang='grc' dir='ltr'><strong><em>οἷον</em></strong></span> <span class='ocrx_word' id='word_1_608' title='bbox 1529 3926 1863 4003; x_wconf 86' lang='grc' dir='ltr'><strong><em>Πριαμμίς,</em></strong></span> <span class='ocrx_word' id='word_1_609' title='bbox 1905 3921 1945 4004; x_wconf 65' lang='grc' dir='ltr'><strong><em>η’</em></strong></span> <span class='ocrx_word' id='word_1_610' title='bbox 1991 3925 2093 3987; x_wconf 83' lang='grc' dir='ltr'><strong><em>τοῦ</em></strong></span> <span class='ocrx_word' id='word_1_611' title='bbox 2138 3922 2462 4005; x_wconf 85' lang='grc' dir='ltr'><strong><em>Πριάμμου</em></strong></span> <span class='ocrx_word' id='word_1_612' title='bbox 2507 3925 2647 4002; x_wconf 78' lang='lat' dir='ltr'><strong>(Sic)</strong></span> <span class='ocrx_word' id='word_1_613' title='bbox 2692 3924 2977 4007; x_wconf 77' lang='grc' dir='ltr'><strong><em>θυγάτηρ·</em></strong></span> <span class='ocrx_word' id='word_1_614' title='bbox 3024 3922 3058 3988; x_wconf 82' lang='grc' dir='ltr'><strong><em>ό</em></strong></span> <span class='ocrx_word' id='word_1_615' title='bbox 3105 3931 3186 3997; x_wconf 80' lang='grc' dir='ltr'><strong><em>εὶς</em></strong></span> <span class='ocrx_word' id='word_1_616' title='bbox 3232 3950 3321 3999; x_wconf 86' lang='grc' dir='ltr'><strong><em>ας,</em></strong></span> <span class='ocrx_word' id='word_1_617' title='bbox 3347 3922 3485 4003; x_wconf 76' lang='grc' dir='ltr'><strong><em>ὀἷον</em></strong></span> <span class='ocrx_word' id='word_1_618' title='bbox 3532 3923 3772 3999; x_wconf 80' lang='grc' dir='ltr'><strong><em>Πελιάς,</em></strong></span> <span class='ocrx_word' id='word_1_619' title='bbox 3815 3923 3855 4005; x_wconf 71' lang='grc' dir='ltr'><strong><em>η’</em></strong></span> <span class='ocrx_word' id='word_1_620' title='bbox 3905 3924 4014 3989; x_wconf 74' lang='grc' dir='ltr'><strong><em>τοῦ</em></strong></span> 
     </span>
     <span class='ocr_line' id='line_1_35' title="bbox 353 4034 4012 4120; baseline 0.001 -22"><span class='ocrx_word' id='word_1_621' title='bbox 353 4037 627 4107; x_wconf 78' lang='grc' dir='ltr'><strong><em>Πέλοπος</em></strong></span> <span class='ocrx_word' id='word_1_622' title='bbox 671 4038 832 4120; x_wconf 81' lang='lat' dir='ltr'><strong>(sic),</strong></span> <span class='ocrx_word' id='word_1_623' title='bbox 878 4041 971 4098; x_wconf 74' lang='grc' dir='ltr'><strong><em>καὶ</em></strong></span> <span class='ocrx_word' id='word_1_624' title='bbox 1019 4042 1103 4108; x_wconf 76' lang='grc' dir='ltr'><strong><em>εἰς</em></strong></span> <span class='ocrx_word' id='word_1_625' title='bbox 1147 4062 1240 4116; x_wconf 88' lang='grc' dir='ltr'><strong><em>νη,</em></strong></span> <span class='ocrx_word' id='word_1_626' title='bbox 1287 4034 1409 4099; x_wconf 86' lang='grc' dir='ltr'><strong><em>οἷον</em></strong></span> <span class='ocrx_word' id='word_1_627' title='bbox 1449 4038 1820 4118; x_wconf 84' lang='grc' dir='ltr'><strong><em>Ἀδρηστίνη,</em></strong></span> <span class='ocrx_word' id='word_1_628' title='bbox 1869 4038 1904 4116; x_wconf 84' lang='grc' dir='ltr'>ἡ</span> <span class='ocrx_word' id='word_1_629' title='bbox 1951 4039 2058 4100; x_wconf 74' lang='grc' dir='ltr'><strong><em>τοῦ</em></strong></span> <span class='ocrx_word' id='word_1_630' title='bbox 2103 4035 2435 4119; x_wconf 73' lang='grc' dir='ltr'><strong><em>Ἀδράστου</em></strong></span> <span class='ocrx_word' id='word_1_631' title='bbox 2482 4036 2763 4119; x_wconf 78' lang='grc' dir='ltr'><strong><em>θυγάτηρ.</em></strong></span> <span class='ocrx_word' id='word_1_632' title='bbox 2808 4074 2897 4088; x_wconf 95' lang='grc'>-</span> <span class='ocrx_word' id='word_1_633' title='bbox 2942 4045 3023 4104; x_wconf 90' lang='grc'><strong><em>22</em></strong></span> <span class='ocrx_word' id='word_1_634' title='bbox 3074 4045 3135 4103; x_wconf 91' lang='grc' dir='ltr'><strong><em>Τί</em></strong></span> <span class='ocrx_word' id='word_1_635' title='bbox 3180 4047 3300 4102; x_wconf 74' lang='grc' dir='ltr'><strong><em>ἐστι</em></strong></span> <span class='ocrx_word' id='word_1_636' title='bbox 3344 4039 3652 4119; x_wconf 70' lang='grc' dir='ltr'><strong><em>κτητικόνς</em></strong></span> <span class='ocrx_word' id='word_1_637' title='bbox 3699 4037 3771 4102; x_wconf 81' lang='grc' dir='ltr'><strong><em>τό</em></strong></span> <span class='ocrx_word' id='word_1_638' title='bbox 3812 4088 3829 4105; x_wconf 91' lang='grc'><strong><em>.</em></strong></span> <span class='ocrx_word' id='word_1_639' title='bbox 3874 4087 3888 4101; x_wconf 94' lang='grc'><strong><em>.</em></strong></span> <span class='ocrx_word' id='word_1_640' title='bbox 3936 4087 3950 4101; x_wconf 93' lang='grc'><strong><em>.</em></strong></span> <span class='ocrx_word' id='word_1_641' title='bbox 3997 4086 4012 4100; x_wconf 93' lang='grc'><strong><em>.</em></strong></span> 
     </span>
     <span class='ocr_line' id='line_1_36' title="bbox 355 4145 4014 4234; baseline 0.001 -22"><span class='ocrx_word' id='word_1_642' title='bbox 355 4145 478 4212; x_wconf 79' lang='grc' dir='ltr'><strong><em>οἷον</em></strong></span> <span class='ocrx_word' id='word_1_643' title='bbox 521 4145 810 4229; x_wconf 82' lang='grc' dir='ltr'><strong><em>Ἑκτόριος</em></strong></span> <span class='ocrx_word' id='word_1_644' title='bbox 856 4149 1043 4231; x_wconf 80' lang='grc' dir='ltr'><strong><em>χιτών,</em></strong></span> <span class='ocrx_word' id='word_1_645' title='bbox 1087 4149 1475 4214; x_wconf 81' lang='grc' dir='ltr'><strong><em>Πλατωνικόν</em></strong></span> <span class='ocrx_word' id='word_1_646' title='bbox 1520 4154 1763 4234; x_wconf 83' lang='grc' dir='ltr'><strong><em>βιβλίον.</em></strong></span> <span class='ocrx_word' id='word_1_647' title='bbox 1813 4191 1889 4203; x_wconf 88' lang='grc'><strong><em>--</em></strong></span> <span class='ocrx_word' id='word_1_648' title='bbox 1941 4158 2021 4217; x_wconf 85' lang='grc'><strong><em>25</em></strong></span> <span class='ocrx_word' id='word_1_649' title='bbox 2073 4158 2133 4217; x_wconf 93' lang='grc' dir='ltr'><strong><em>Τί</em></strong></span> <span class='ocrx_word' id='word_1_650' title='bbox 2177 4158 2300 4215; x_wconf 73' lang='grc' dir='ltr'><strong><em>ἐστι</em></strong></span> <span class='ocrx_word' id='word_1_651' title='bbox 2346 4150 2743 4234; x_wconf 60' lang='grc' dir='ltr'><strong><em>συγκριτικόν,</em></strong></span> <span class='ocrx_word' id='word_1_652' title='bbox 2798 4148 2867 4214; x_wconf 78' lang='grc' dir='ltr'><strong><em>τό</em></strong></span> <span class='ocrx_word' id='word_1_653' title='bbox 2926 4150 3221 4234; x_wconf 78' lang='grc' dir='ltr'><strong><em>σύγκρισιν</em></strong></span> <span class='ocrx_word' id='word_1_654' title='bbox 3278 4154 3409 4234; x_wconf 81' lang='grc' dir='ltr'><strong><em>ἔχον</em></strong></span> <span class='ocrx_word' id='word_1_655' title='bbox 3452 4150 3498 4232; x_wconf 75' lang='grc' dir='ltr'><em>ἦ</em></span> <span class='ocrx_word' id='word_1_656' title='bbox 3539 4150 3690 4233; x_wconf 80' lang='grc' dir='ltr'><strong><em>πρός</em></strong></span> <span class='ocrx_word' id='word_1_657' title='bbox 3735 4153 3837 4214; x_wconf 78' lang='grc' dir='ltr'><strong><em>ἕνα</em></strong></span> <span class='ocrx_word' id='word_1_658' title='bbox 3881 4153 4014 4215; x_wconf 77' lang='grc' dir='ltr'><strong><em>τινιὶ</em></strong></span> 
     </span>
     <span class='ocr_line' id='line_1_37' title="bbox 356 4259 4015 4348; baseline 0.001 -23"><span class='ocrx_word' id='word_1_659' title='bbox 356 4259 398 4342; x_wconf 78' lang='grc' dir='ltr'><em>ἦ</em></span> <span class='ocrx_word' id='word_1_660' title='bbox 440 4261 589 4342; x_wconf 79' lang='grc' dir='ltr'><strong><em>πρός</em></strong></span> <span class='ocrx_word' id='word_1_661' title='bbox 636 4262 904 4335; x_wconf 69' lang='grc' dir='ltr'><strong><em>πολλούς,</em></strong></span> <span class='ocrx_word' id='word_1_662' title='bbox 949 4261 1035 4336; x_wconf 84' lang='grc' dir='ltr'><strong><em>ώς</em></strong></span> <span class='ocrx_word' id='word_1_663' title='bbox 1078 4260 1374 4346; x_wconf 79' lang='grc' dir='ltr'><strong><em>Ἀχιλλεύς</em></strong></span> <span class='ocrx_word' id='word_1_664' title='bbox 1421 4263 1798 4348; x_wconf 78' lang='grc' dir='ltr'><strong><em>ἰσχυρότερος</em></strong></span> <span class='ocrx_word' id='word_1_665' title='bbox 1841 4265 1959 4328; x_wconf 77' lang='grc' dir='ltr'><strong><em>ταῖν</em></strong></span> <span class='ocrx_word' id='word_1_666' title='bbox 2009 4264 2225 4346; x_wconf 82' lang='grc' dir='ltr'><strong><em>Τρώων.</em></strong></span> <span class='ocrx_word' id='word_1_667' title='bbox 2319 4270 2401 4331; x_wconf 85' lang='grc'><strong><em>28</em></strong></span> <span class='ocrx_word' id='word_1_668' title='bbox 2434 4262 2604 4328; x_wconf 85' lang='grc' dir='ltr'><strong><em>πόσοι</em></strong></span> <span class='ocrx_word' id='word_1_669' title='bbox 2633 4264 2804 4329; x_wconf 83' lang='grc' dir='ltr'><strong><em>τύποι</em></strong></span> <span class='ocrx_word' id='word_1_670' title='bbox 2835 4268 2948 4328; x_wconf 78' lang='grc' dir='ltr'><strong><em>τῶν</em></strong></span> <span class='ocrx_word' id='word_1_671' title='bbox 2979 4270 3391 4348; x_wconf 61' lang='grc' dir='ltr'><strong><em>συγκριτικῶι,</em></strong></span> <span class='ocrx_word' id='word_1_672' title='bbox 3434 4278 3605 4347; x_wconf 83' lang='grc' dir='ltr'><strong><em>τρεῖς·</em></strong></span> <span class='ocrx_word' id='word_1_673' title='bbox 3655 4263 3688 4328; x_wconf 87' lang='grc' dir='ltr'>ὁ</span> <span class='ocrx_word' id='word_1_674' title='bbox 3718 4272 3802 4339; x_wconf 87' lang='grc' dir='ltr'><strong><em>εἱς</em></strong></span> <span class='ocrx_word' id='word_1_675' title='bbox 3830 4290 4015 4347; x_wconf 84' lang='grc' dir='ltr'><strong><em>τερος,</em></strong></span> 
     </span>
     <span class='ocr_line' id='line_1_38' title="bbox 356 4372 4014 4466; baseline 0.002 -20"><span class='ocrx_word' id='word_1_676' title='bbox 356 4372 477 4440; x_wconf 79' lang='grc' dir='ltr'><strong><em>οἷον</em></strong></span> <span class='ocrx_word' id='word_1_677' title='bbox 509 4373 801 4456; x_wconf 78' lang='grc' dir='ltr'><strong><em>ὀξύτερος,</em></strong></span> <span class='ocrx_word' id='word_1_678' title='bbox 844 4372 882 4437; x_wconf 82' lang='lat'><strong><em>0‘</em></strong></span> <span class='ocrx_word' id='word_1_679' title='bbox 916 4382 998 4450; x_wconf 72' lang='grc' dir='ltr'><strong><em>εἰς</em></strong></span> <span class='ocrx_word' id='word_1_680' title='bbox 1028 4399 1194 4451; x_wconf 82' lang='grc' dir='ltr'><strong><em>σσων,</em></strong></span> <span class='ocrx_word' id='word_1_681' title='bbox 1237 4375 1358 4442; x_wconf 79' lang='grc' dir='ltr'><strong><em>οἷον</em></strong></span> <span class='ocrx_word' id='word_1_682' title='bbox 1399 4387 1682 4461; x_wconf 64' lang='grc' dir='ltr'><strong><em>κρείσσων</em></strong></span> <span class='ocrx_word' id='word_1_683' title='bbox 1724 4381 2063 4462; x_wconf 84' lang='lat' dir='ltr'>[intercidit</span> <span class='ocrx_word' id='word_1_684' title='bbox 2091 4380 2332 4446; x_wconf 87' lang='lat' dir='ltr'><strong>initium</strong></span> <span class='ocrx_word' id='word_1_685' title='bbox 2361 4382 2761 4464; x_wconf 81' lang='lat' dir='ltr'><strong>expositionis</strong></span> <span class='ocrx_word' id='word_1_686' title='bbox 2791 4381 2869 4448; x_wconf 84' lang='lat' dir='ltr'><strong><em>de</em></strong></span> <span class='ocrx_word' id='word_1_687' title='bbox 2903 4380 3325 4466; x_wconf 78' lang='lat' dir='ltr'><strong>superlativis]</strong></span> <span class='ocrx_word' id='word_1_688' title='bbox 3361 4387 3456 4442; x_wconf 70' lang='grc' dir='ltr'><strong><em>καὶ</em></strong></span> <span class='ocrx_word' id='word_1_689' title='bbox 3488 4376 3521 4443; x_wconf 80' lang='grc' dir='ltr'><em>ὁ</em></span> <span class='ocrx_word' id='word_1_690' title='bbox 3556 4386 3641 4453; x_wconf 74' lang='grc' dir='ltr'><strong><em>εἰς</em></strong></span> <span class='ocrx_word' id='word_1_691' title='bbox 3671 4404 3865 4456; x_wconf 63' lang='lat' dir='ltr'><strong><em>zaroc,</em></strong></span> <span class='ocrx_word' id='word_1_692' title='bbox 3894 4378 4014 4445; x_wconf 77' lang='grc' dir='ltr'><strong><em>οἷον</em></strong></span> 
     </span>
     <span class='ocr_line' id='line_1_39' title="bbox 361 4488 4014 4581; baseline 0.001 -26"><span class='ocrx_word' id='word_1_693' title='bbox 361 4488 663 4566; x_wconf 79' lang='grc' dir='ltr'><strong><em>ὀξύτατος.</em></strong></span> <span class='ocrx_word' id='word_1_694' title='bbox 778 4489 908 4555; x_wconf 83' lang='grc' dir='ltr'><strong><em>ἔστι</em></strong></span> <span class='ocrx_word' id='word_1_695' title='bbox 985 4495 1082 4553; x_wconf 82' lang='grc' dir='ltr'><strong><em>καὶ</em></strong></span> <span class='ocrx_word' id='word_1_696' title='bbox 1160 4489 1192 4554; x_wconf 85' lang='grc' dir='ltr'>ὁ</span> <span class='ocrx_word' id='word_1_697' title='bbox 1266 4498 1349 4565; x_wconf 77' lang='grc' dir='ltr'><strong><em>εἰς</em></strong></span> <span class='ocrx_word' id='word_1_698' title='bbox 1416 4514 1584 4569; x_wconf 83' lang='grc' dir='ltr'><strong><em>στος,</em></strong></span> <span class='ocrx_word' id='word_1_699' title='bbox 1660 4490 1784 4558; x_wconf 82' lang='grc' dir='ltr'><strong><em>οἷον</em></strong></span> <span class='ocrx_word' id='word_1_700' title='bbox 1859 4491 2179 4566; x_wconf 80' lang='grc' dir='ltr'><strong><em>κάλλιστος.</em></strong></span> <span class='ocrx_word' id='word_1_701' title='bbox 2230 4530 2307 4541; x_wconf 91' lang='grc'>-</span> <span class='ocrx_word' id='word_1_702' title='bbox 2360 4498 2442 4559; x_wconf 88' lang='grc'><strong><em>33</em></strong></span> <span class='ocrx_word' id='word_1_703' title='bbox 2492 4499 2551 4557; x_wconf 86' lang='grc' dir='ltr'><strong><em>Τί</em></strong></span> <span class='ocrx_word' id='word_1_704' title='bbox 2596 4499 2746 4556; x_wconf 72' lang='grc' dir='ltr'><strong><em>ἐστιν</em></strong></span> <span class='ocrx_word' id='word_1_705' title='bbox 2789 4490 3241 4574; x_wconf 67' lang='grc' dir='ltr'><strong><em>ὑποκοριστικόν</em></strong></span> <span class='ocrx_word' id='word_1_706' title='bbox 3285 4496 3427 4581; x_wconf 79' lang='lat' dir='ltr'><strong>(sic)</strong></span> <span class='ocrx_word' id='word_1_707' title='bbox 3442 4520 3465 4575; x_wconf 90' lang='lat'><strong><em>,·</em></strong></span> <span class='ocrx_word' id='word_1_708' title='bbox 3519 4492 3590 4558; x_wconf 75' lang='grc' dir='ltr'><strong><em>τό</em></strong></span> <span class='ocrx_word' id='word_1_709' title='bbox 3632 4500 3869 4575; x_wconf 84' lang='grc' dir='ltr'><strong><em>μείωσιν</em></strong></span> <span class='ocrx_word' id='word_1_710' title='bbox 3912 4495 4014 4557; x_wconf 80' lang='grc' dir='ltr'><strong><em>τοῦ</em></strong></span> 
     </span>
     <span class='ocr_line' id='line_1_40' title="bbox 356 4602 4015 4688; baseline 0.001 -21"><span class='ocrx_word' id='word_1_711' title='bbox 356 4602 747 4685; x_wconf 84' lang='grc' dir='ltr'><strong><em>πρωτοτύπου</em></strong></span> <span class='ocrx_word' id='word_1_712' title='bbox 792 4606 1008 4687; x_wconf 76' lang='grc' dir='ltr'><strong><em>δηλοῦν</em></strong></span> <span class='ocrx_word' id='word_1_713' title='bbox 1055 4602 1432 4688; x_wconf 84' lang='grc' dir='ltr'><strong><em>α’συγκρίτως,</em></strong></span> <span class='ocrx_word' id='word_1_714' title='bbox 1478 4605 1608 4672; x_wconf 84' lang='grc' dir='ltr'><strong><em>οἷον</em></strong></span> <span class='ocrx_word' id='word_1_715' title='bbox 1652 4604 2084 4688; x_wconf 78' lang='grc' dir='ltr'><strong><em>ἀνθρωπίσκος,</em></strong></span> <span class='ocrx_word' id='word_1_716' title='bbox 2130 4604 2552 4687; x_wconf 73' lang='grc' dir='ltr'><strong><em>μειρακύλλιον.</em></strong></span> <span class='ocrx_word' id='word_1_717' title='bbox 2594 4644 2662 4655; x_wconf 93' lang='grc'>-</span> <span class='ocrx_word' id='word_1_718' title='bbox 2704 4611 2788 4673; x_wconf 85' lang='grc'><strong><em>34</em></strong></span> <span class='ocrx_word' id='word_1_719' title='bbox 2822 4608 2884 4670; x_wconf 89' lang='grc' dir='ltr'><strong><em>Τί</em></strong></span> <span class='ocrx_word' id='word_1_720' title='bbox 2928 4613 3048 4671; x_wconf 78' lang='grc' dir='ltr'><strong><em>ἐστι</em></strong></span> <span class='ocrx_word' id='word_1_721' title='bbox 3092 4605 3486 4688; x_wconf 72' lang='grc' dir='ltr'><strong><em>παρώνυμονς</em></strong></span> <span class='ocrx_word' id='word_1_722' title='bbox 3528 4608 3598 4671; x_wconf 85' lang='grc' dir='ltr'><strong><em>τὸ</em></strong></span> <span class='ocrx_word' id='word_1_723' title='bbox 3644 4604 3784 4686; x_wconf 81' lang='grc' dir='ltr'><strong><em>παρ’</em></strong></span> <span class='ocrx_word' id='word_1_724' title='bbox 3821 4606 4015 4686; x_wconf 78' lang='grc' dir='ltr'><strong><em>ὄνομα</em></strong></span> 
     </span>
     <span class='ocr_line' id='line_1_41' title="bbox 354 4714 4010 4805; baseline 0.001 -25"><span class='ocrx_word' id='word_1_725' title='bbox 354 4717 630 4795; x_wconf 72' lang='grc' dir='ltr'><strong><em>ποιηθέν,</em></strong></span> <span class='ocrx_word' id='word_1_726' title='bbox 674 4714 803 4782; x_wconf 81' lang='grc' dir='ltr'><strong><em>οἷον</em></strong></span> <span class='ocrx_word' id='word_1_727' title='bbox 853 4720 1032 4784; x_wconf 77' lang='grc' dir='ltr'><strong><em>Θέων.</em></strong></span> <span class='ocrx_word' id='word_1_728' title='bbox 1076 4755 1169 4771; x_wconf 89' lang='lat'><strong><em>--</em></strong></span> <span class='ocrx_word' id='word_1_729' title='bbox 1215 4724 1296 4785; x_wconf 88' lang='grc'><strong><em>36</em></strong></span> <span class='ocrx_word' id='word_1_730' title='bbox 1346 4726 1406 4784; x_wconf 79' lang='grc' dir='ltr'><strong><em>Τί</em></strong></span> <span class='ocrx_word' id='word_1_731' title='bbox 1450 4726 1573 4783; x_wconf 76' lang='grc' dir='ltr'><strong><em>ἐστι</em></strong></span> <span class='ocrx_word' id='word_1_732' title='bbox 1618 4717 1972 4802; x_wconf 82' lang='grc' dir='ltr'><strong><em>ρηματικόν;</em></strong></span> <span class='ocrx_word' id='word_1_733' title='bbox 2017 4720 2087 4784; x_wconf 83' lang='grc' dir='ltr'><strong><em>τὸ</em></strong></span> <span class='ocrx_word' id='word_1_734' title='bbox 2130 4718 2403 4787; x_wconf 54' lang='grc' dir='ltr'><strong><em>ἰατὰ...</em></strong></span> <span class='ocrx_word' id='word_1_735' title='bbox 2440 4717 2734 4800; x_wconf 81' lang='grc' dir='ltr'><strong><em>Φιλήμων.</em></strong></span> <span class='ocrx_word' id='word_1_736' title='bbox 2781 4758 2869 4770; x_wconf 91' lang='grc'><strong>-</strong></span> <span class='ocrx_word' id='word_1_737' title='bbox 2918 4727 2999 4787; x_wconf 88' lang='grc'><strong><em>36</em></strong></span> <span class='ocrx_word' id='word_1_738' title='bbox 3045 4722 3225 4785; x_wconf 85' lang='grc' dir='ltr'><strong><em>Πόσα</em></strong></span> <span class='ocrx_word' id='word_1_739' title='bbox 3256 4723 3570 4805; x_wconf 57' lang='lat' dir='ltr'><strong><em>amplam,-</em></strong></span> <span class='ocrx_word' id='word_1_740' title='bbox 3786 4720 4010 4784; x_wconf 68' lang='grc' dir='ltr'><strong><em>ἁπλοῦν</em></strong></span> 
     </span>
     <span class='ocr_line' id='line_1_42' title="bbox 351 4827 4008 4917; baseline -0 -20"><span class='ocrx_word' id='word_1_741' title='bbox 351 4832 477 4912; x_wconf 74' lang='grc' dir='ltr'><strong><em>μέν,</em></strong></span> <span class='ocrx_word' id='word_1_742' title='bbox 518 4827 646 4897; x_wconf 78' lang='grc' dir='ltr'><strong><em>οἷον</em></strong></span> <span class='ocrx_word' id='word_1_743' title='bbox 689 4829 834 4914; x_wconf 72' lang='grc' dir='ltr'><strong><em>ἄγω,</em></strong></span> <span class='ocrx_word' id='word_1_744' title='bbox 876 4831 1193 4911; x_wconf 80' lang='grc' dir='ltr'><strong><em>σύνθετον,</em></strong></span> <span class='ocrx_word' id='word_1_745' title='bbox 1237 4830 1370 4897; x_wconf 84' lang='grc' dir='ltr'><strong><em>οἷον</em></strong></span> <span class='ocrx_word' id='word_1_746' title='bbox 1416 4833 1636 4916; x_wconf 77' lang='grc' dir='ltr'><strong><em>είςάγω,</em></strong></span> <span class='ocrx_word' id='word_1_747' title='bbox 1680 4831 2128 4912; x_wconf 80' lang='grc' dir='ltr'><strong><em>παρασύνθετον</em></strong></span> <span class='ocrx_word' id='word_1_748' title='bbox 2174 4839 2262 4911; x_wconf 72' lang='grc' dir='ltr'><strong><em>δέ,</em></strong></span> <span class='ocrx_word' id='word_1_749' title='bbox 2307 4829 2436 4898; x_wconf 84' lang='grc' dir='ltr'><strong><em>οἷον</em></strong></span> <span class='ocrx_word' id='word_1_750' title='bbox 2480 4832 2827 4917; x_wconf 78' lang='grc' dir='ltr'><strong><em>παρειςάγω.</em></strong></span> <span class='ocrx_word' id='word_1_751' title='bbox 2875 4872 2958 4884; x_wconf 94' lang='lat'><strong><em>—-</em></strong></span> <span class='ocrx_word' id='word_1_752' title='bbox 3006 4842 3083 4901; x_wconf 87' lang='lat'><strong><em>41</em></strong></span> <span class='ocrx_word' id='word_1_753' title='bbox 3115 4831 3314 4899; x_wconf 87' lang='grc' dir='ltr'><strong><em>Πόσοι</em></strong></span> <span class='ocrx_word' id='word_1_754' title='bbox 3342 4832 3630 4917; x_wconf 74' lang='grc' dir='ltr'><strong><em>ἀριθμοί,·</em></strong></span> <span class='ocrx_word' id='word_1_755' title='bbox 3678 4848 3838 4914; x_wconf 73' lang='grc' dir='ltr'><strong><em>τρεῖς</em></strong></span> <span class='ocrx_word' id='word_1_756' title='bbox 3874 4886 3926 4902; x_wconf 90' lang='grc'><strong><em>..</em></strong></span> <span class='ocrx_word' id='word_1_757' title='bbox 3950 4882 4008 4896; x_wconf 93' lang='grc'><strong><em>..</em></strong></span> 
     </span>
     <span class='ocr_line' id='line_1_43' title="bbox 351 4941 4010 5029; baseline 0.001 -22"><span class='ocrx_word' id='word_1_758' title='bbox 351 4950 674 5025; x_wconf 78' lang='grc' dir='ltr'><strong><em>σημαίνων,</em></strong></span> <span class='ocrx_word' id='word_1_759' title='bbox 715 4941 843 5011; x_wconf 82' lang='grc' dir='ltr'><strong><em>οἷον</em></strong></span> <span class='ocrx_word' id='word_1_760' title='bbox 871 4945 1053 5019; x_wconf 80' lang='grc' dir='ltr'><strong><em>Αἴας.</em></strong></span> <span class='ocrx_word' id='word_1_761' title='bbox 1129 4953 1186 5009; x_wconf 83' lang='grc' dir='ltr'><strong><em>τί</em></strong></span> <span class='ocrx_word' id='word_1_762' title='bbox 1231 4994 1245 5010; x_wconf 94' lang='grc'><strong><em>.</em></strong></span> <span class='ocrx_word' id='word_1_763' title='bbox 1291 4995 1305 5009; x_wconf 94' lang='grc'><strong><em>.</em></strong></span> <span class='ocrx_word' id='word_1_764' title='bbox 1352 4996 1368 5012; x_wconf 91' lang='grc'><strong><em>.</em></strong></span> <span class='ocrx_word' id='word_1_765' title='bbox 1413 4995 1427 5011; x_wconf 94' lang='grc'><strong><em>.</em></strong></span> <span class='ocrx_word' id='word_1_766' title='bbox 1474 4952 1797 5027; x_wconf 83' lang='grc' dir='ltr'><strong><em>σημαίνων,</em></strong></span> <span class='ocrx_word' id='word_1_767' title='bbox 1841 4943 1972 5012; x_wconf 83' lang='grc' dir='ltr'><strong><em>οἷον</em></strong></span> <span class='ocrx_word' id='word_1_768' title='bbox 2019 4946 2263 5012; x_wconf 80' lang='grc' dir='ltr'><strong><em>Αἴαντε.</em></strong></span> <span class='ocrx_word' id='word_1_769' title='bbox 2339 4951 2398 5009; x_wconf 78' lang='grc' dir='ltr'><strong><em>τί</em></strong></span> <span class='ocrx_word' id='word_1_770' title='bbox 2441 4995 2456 5011; x_wconf 93' lang='grc'><strong><em>.</em></strong></span> <span class='ocrx_word' id='word_1_771' title='bbox 2501 4994 2517 5009; x_wconf 91' lang='grc'><strong><em>.</em></strong></span> <span class='ocrx_word' id='word_1_772' title='bbox 2562 4995 2577 5011; x_wconf 94' lang='grc'><strong><em>.</em></strong></span> <span class='ocrx_word' id='word_1_773' title='bbox 2623 4996 2637 5011; x_wconf 93' lang='grc'><strong><em>.</em></strong></span> <span class='ocrx_word' id='word_1_774' title='bbox 2684 4952 2992 5029; x_wconf 82' lang='grc' dir='ltr'><strong><em>σημαίνων,</em></strong></span> <span class='ocrx_word' id='word_1_775' title='bbox 3036 4943 3168 5013; x_wconf 77' lang='grc' dir='ltr'><strong><em>οἷον</em></strong></span> <span class='ocrx_word' id='word_1_776' title='bbox 3214 4947 3495 5020; x_wconf 78' lang='grc' dir='ltr'><strong><em>Αἴαντες.</em></strong></span> <span class='ocrx_word' id='word_1_777' title='bbox 3540 4982 3630 4996; x_wconf 86' lang='grc'><strong><em>--·</em></strong></span> <span class='ocrx_word' id='word_1_778' title='bbox 3676 4954 3756 5014; x_wconf 84' lang='grc'>46</span> <span class='ocrx_word' id='word_1_779' title='bbox 3812 4946 4010 5010; x_wconf 76' lang='grc' dir='ltr'><strong><em>Πόσαι</em></strong></span> 
     </span>
    </p>
   </div>
  </div>
 </body>
</html>
