4652 5908
2303 371 2389 430 44

1871 615 2825 724 EPILEGOMENA.

943 803 1091 916 Hos
1159 849 1592 905 commentarios
1658 846 1932 905 historiae
1996 850 2399 919 grammaticae
2466 848 2899 919 Byzantiorum,
2969 864 3110 921 quos
3174 847 3505 921 appendicis
3573 850 3753 905 instar
3819 865 3942 907 esse
4011 851 4174 909 volui

528 937 791 996 editionis
822 936 1083 1007 Dionysii
1118 935 1451 1006 Uhligianac
1483 950 1612 992 mox
1643 935 1917 1005 exiturae,
1947 933 2153 1006 quibus
2182 951 2253 992 ex
2282 934 2532 992 fontibus
2562 935 2848 993 hauserim
2880 936 2991 993 hoc
3031 937 3457 1008 epilegomenon
3479 936 3605 993 loco
3631 938 3828 1007 paucis
3869 952 4175 1010 exponam.

942 1024 1100 1080 Artis
1161 1022 1572 1092 Dionysianae,
1633 1037 1778 1095 quae
1840 1024 2150 1079 communis
2206 1021 2332 1078 fons
2403 1021 2508 1079 fuit
2567 1022 2974 1094 Byzantiorum
3030 1023 3560 1097 grammaticorum,
3638 1024 3870 1095 eiusque
3943 1026 4176 1097 supple·

524 1117 842 1168 mentorum
888 1111 1272 1169 recensionem
1317 1109 1545 1165 exhibui
1589 1109 1763 1164 talem
1806 1108 1945 1179 fere,
2012 1109 2236 1181 qualem
2282 1110 2543 1183 Uhligius
2588 1109 2661 1166 ad
2707 1110 2966 1167 codicum
3010 1111 3517 1168 vetustissimorum
3566 1109 3732 1167 fidem
3799 1113 4174 1169 constitutam

524 1198 854 1272 propediem
911 1198 1130 1253 emittet
1189 1196 1519 1266 subscriptis
1579 1194 1977 1266 discrepantiis
2044 1200 2101 1252 et
2166 1197 2504 1253 testimoniis
2582 1196 2956 1267 scholiorum,
3026 1204 3428 1267 erotematum,
3495 1197 3736 1253 aliorum
3809 1200 4174 1270 scriptorum,

522 1284 1007 1357 interpretationis
1051 1285 1369 1340 Armeniae.
1416 1299 1581 1355 quam
1626 1284 2009 1340 recensionem
2056 1283 2207 1355 quod
2247 1284 2303 1339 in
2366 1302 2527 1340 usum
2583 1301 2774 1341 meum
2819 1294 3149 1342 convertere
3196 1286 3351 1356 potui
3396 1285 3649 1341 comitati
3695 1285 3801 1341 viri
3848 1286 4065 1356 egregii
4115 1293 4179 1344 et

526 1372 817 1430 doctrinae
864 1372 1028 1442 copia
1073 1376 1129 1426 et
1173 1369 1511 1427 liberalitate
1565 1371 1781 1441 pariter
1838 1366 2070 1441 insignis
2127 1370 2334 1438 debeo,
2401 1373 2497 1443 qui
2559 1374 2785 1429 omnino
2842 1372 2988 1429 hanc
3047 1390 3136 1429 me
3181 1373 3500 1447 editionem·
3546 1379 3839 1442 parantem
3886 1389 4068 1444 opera
4114 1380 4182 1430 et

527 1460 760 1516 consilio
806 1459 885 1515 ita
933 1456 1167 1525 adiuvit,
1227 1464 1290 1513 ut
1332 1473 1457 1513 eam
1516 1472 1624 1513 non
1681 1457 1864 1514 minus
1920 1458 2073 1514 illius
2129 1474 2251 1514 esse
2311 1474 2479 1529 quam
2540 1475 2719 1515 meam
2780 1459 2887 1515 hoc
2932 1477 3157 1532 quoque
3201 1460 3324 1516 loco
3393 1463 3558 1531 grato
3626 1460 3811 1515 animo
3879 1460 4170 1531 profitear.

523 1545 586 1603 In
655 1552 815 1603 textu
862 1546 1034 1616 igitur
1077 1561 1241 1616 quem
1289 1543 1484 1600 dicunt
1524 1543 1826 1600 verborum
1874 1545 2269 1601 constituendo
2318 1562 2442 1601 cum
2506 1544 2733 1617 Uhligio
2780 1546 2991 1603 codicis
3037 1547 3330 1604 Leidensis
3389 1546 3787 1602 auctoritatem
3836 1547 4176 1619 plerumque

524 1640 752 1691 secutus
832 1649 981 1699 sum3
1053 1647 1122 1687 ex
1184 1647 1389 1703 magna
1443 1640 1631 1688 autem
1694 1637 2013 1688 ceterorum
2072 1632 2345 1689 librorum
2401 1633 2676 1690 varietate
2737 1634 3040 1691 lectionum
3108 1634 3277 1706 selegi
3337 1648 3450 1699 eas,
3513 1648 3658 1705 quae
3718 1634 3775 1689 in
3842 1637 4178 1692 erotematis

522 1721 827 1778 redeuntes
887 1718 961 1775 ad
1021 1717 1463 1775 horum-fontes
1521 1718 1857 1791 aperiendos
1914 1719 2104 1790 aliquo
2160 1720 2326 1777 modo
2388 1718 2647 1777 conferre
2706 1737 2871 1792 posse
2935 1720 3276 1777 viderentur.
3350 1719 3606 1777 codicum
3683 1719 3850 1794 (quos
3909 1722 4178 1794 Uhugius

525 1806 832 1879 describet)
880 1805 1021 1877 sigla
1067 1812 1196 1861 sunt
1243 1805 1410 1861 haec:

942 1886 1112 1950 M=
1140 1892 1302 1948 >odex
1349 1892 1709 1949 Monacensis
1756 1894 1898 1963 310,
1942 1893 2037 1965 qui
2081 1892 2395 1967 praebet§
2452 1896 2523 1950 12
2585 1910 2708 1966 pag.
2762 1895 2902 1959 635
2972 1897 3041 1951 13
3108 1894 3192 1951 ed.
3243 1895 3424 1955 Bekk.
3473 1888 3667 1972 (τύποι
3712 1892 3797 1973 δὲ)
3855 1911 4036 1966 usque
4100 1895 4178 1952 ad

523 1980 555 2056 ξ
609 1982 680 2037 13
729 1998 854 2053 pag
908 1982 1174 2048 63&,17
1235 1977 1443 2047 (tienne
1490 1977 1620 2050 μὲν)
1668 1986 1723 2034 et
1767 1977 1798 2053 ξ
1857 1982 1926 2035 19
1975 1996 2100 2053 pag.
2152 1985 2293 2051 642,
2351 1984 2381 2037 7
2431 1969 2673 2060 (ὥςπερ,
2726 1970 2893 2057 ἠύτε)
2938 1999 3117 2054 usqne
3164 1982 3234 2038 ad
3283 1982 3450 2041 finem
3497 1986 3673 2041 totius
3718 1983 3875 2039 artis.

942 2062 1417 2123 L=Leidensis
1494 2067 1800 2122 Vossianus
1876 2067 1973 2123 Gr.
2050 2069 2106 2124 in
2190 2065 2261 2123 4⁰
2349 2069 2458 2137 76,
2543 2068 2639 2140 qui
2706 2074 2882 2125 totam
2965 2077 3146 2125 artem
3228 2086 3355 2127 cum
3439 2072 3841 2144 supplementis
3921 2068 4180 2126 exhibet.

428 2210 441 2217 ,
523 2149 609 2212 L²
654 2147 739 2210 L³
786 2149 869 2210 L*
920 2153 999 2208 11¹
1050 2160 1438 2209 correctorum
1484 2170 1682 2210 manus
1727 2162 1871 2210 sunt.

944 2233 997 2298 G
1019 2238 1658 2297 ==1÷r0ttaferratensis
1712 2241 1848 2298 127.

942 2322 1418 2383 B=Vaticanus
1476 2329 1650 2383 1370.

1010 2414 1408 2471 :Parisinus
1457 2415 1643 2472 2603.

940 2497 1367 2559 V=Venetus
1412 2502 1737 2558 Marcianus
1787 2503 1908 2558 642
1956 2502 2118 2559 class,
2167 2519 2294 2574 app.
2359 2506 2515 2571 11,4.

938 2580 1102 2648 H=
1129 2588 1403 2645 IIoIstenii
1448 2590 1833 2661 apographum
1882 2589 2329 2661 Hamburgense.

937 2673 1112 2735 A='
1130 2677 1388 2732 ’arisinus
1437 2678 1621 2733 2290
1941 2679 1960 2699 '

937 2761 999 2818 o?
1040 2785 1127 2811 =
1159 2763 1336 2819 codex
1366 2762 1660 2819 Parisinus
1688 2762 1827 2833 Reg
1880 2762 2046 2818 2558
2080 2764 2526 2820 commentarioli
2574 2742 2834 2834 Byzantii
2880 2760 2950 2821 ab
2987 2724 3261 2835 Hilgardo
3308 2765 3460 2833 editi,
3509 2766 3604 2837 qui
3650 2764 3680 2839 ,ξ
3736 2768 3785 2837 1,
3836 2767 3889 2834 2,
3935 2767 4182 2835 7-10,

530 2852 780 2907 12—20
824 2851 1263 2923 interpr-emtum
1333 2846 1400 2902 σΙΙ
1434 2872 1523 2899 =
1551 2849 1800 2907 eiusdem
1862 2852 2304 2907 commentarioli
2354 2850 2532 2907 codex
2579 2850 3041 2920 Hamburgensis.

943 2933 975 2998 f
1020 2944 1205 2994 antem
1257 2936 1534 3010 significat
1578 2938 1878 2995 editionem
1926 2938 2236 3010 principem
2281 2940 2341 2994 in
2395 2938 2642 2996 Fabricii
2689 2938 2824 2999 bibl.
2872 2940 3077 2996 Graec.
3131 2938 3202 2995 VI
3252 2957 3362 3012 pag
3417 2943 3700 3011 26—34;
3773 2935 3812 2999 b
3861 2938 4182 2997 editionem

515 3025 765 3082 Bekkeri
824 3027 914 3082 An
984 3026 1081 3084 Gr.
1135 3026 1197 3090 II,
1247 3024 1341 3082 ubi
1386 3042 1514 3097 pag.
1565 3027 1901 3082 629—643
1949 3032 2149 3082 artem.
2196 3042 2320 3097 pag.
2375 3027 2497 3081 674
2545 3043 2624 3098 sq.
2671 3027 3121 3098 supplementum
3166 3027 3323 3099 prius
3367 3027 3562 3087 habes,

652 3158 657 3162 ,
726 3113 1057 3170 Erotemata
1109 3121 1294 3169 autem
1344 3113 1616 3185 descripsi
1661 3129 1729 3169 ex
1777 3111 2067 3170 codicibus
2111 3113 2229 3169 his:

936 3194 1030 3260 Eg
1066 3222 1156 3250 =
1201 3206 1515 3256 erotemata
1573 3200 1835 3256 Gudiana
1887 3215 1957 3255 ex
2014 3198 2206 3256 codice
2256 3197 2717 3271 GuelferbytanO.
2781 3203 2875 3271 qui
2936 3201 3087 3257 inter
3134 3201 3426 3258 Gudianos
3481 3209 3820 3260 numeratur
3887 3205 4045 3266 112,
4110 3201 4178 3258 in

512 3287 855 3344 membranis
902 3289 1144 3358 scriptus
1190 3291 1417 3360 (magna
1462 3305 1532 3344 ex
1578 3295 1739 3358 parte
1784 3286 2121 3359 rescriptus)
2168 3302 2277 3343 sec.
2324 3285 2433 3342 XII
2481 3291 2563 3343 vel
2611 3287 2743 3343 XIII
2790 3288 2883 3343 fol.
2927 3289 3042 3344 143
3093 3288 3255 3347 form.
3304 3288 3504 3361 quadr.
3551 3291 3680 3346 min.
3729 3282 3820 3370 [cf.
3871 3288 4178 3345 Bitschelii

509 3376 709 3448 proleg
769 3376 824 3431 in
873 3373 1071 3431 Thom.
1121 3374 1269 3445 Mag.
1320 3391 1427 3444 pag
1490 3374 1561 3430 LI
1612 3392 1731 3446 sqq.
1780 3380 1837 3429 et
1881 3372 2063 3429 Ebert
2106 3372 2238 3430 bibl.
2286 3373 2469 3431 Guelf.
2516 3374 2676 3430 codd.
2724 3393 2848 3446 pag.
2899 3367 3016 3456 81].

930 3456 1027 3520 Ev
1066 3484 1156 3511 =
1200 3467 1515 3517 eroteinata
1545 3460 2008 3517 Vratislaviensia
2037 3460 2150 3517 Nili
2181 3463 2573 3534 metropolitae
2605 3461 2812 3519 Rhodii
2846 3460 2919 3535 (c.
2954 3461 3355 3537 MCCCLXX)
3391 3480 3460 3520 ex
3496 3462 3689 3521 codice
3723 3461 4182 3534 Magdalenensi,

512 3550 722 3621 scripto
769 3567 879 3606 see.
928 3549 1053 3619 XV,
1123 3553 1301 3605 chart.
1348 3547 1441 3604 fol.
1477 3547 1829 3605 CXXXXIII
1874 3550 1933 3604 in
1979 3548 2054 3604 8⁰
2099 3551 2231 3606 min,
2279 3540 2373 3628 [cf.
2424 3548 2648 3604 Passow
2696 3551 2750 3605 in
2795 3549 2908 3606 ind.
2957 3550 3082 3606 lect.
3131 3549 3243 3606 hib.
3281 3550 3506 3607 Vratisl.
3554 3567 3602 3608 a.
3655 3542 4166 3631 MDCCOXXXI].

928 3631 1013 3696 Et
1063 3658 1155 3688 =
1197 3643 1511 3694 erotemata
1542 3634 1927 3708 Tubingensia
1969 3651 2038 3692 ex
2084 3636 2278 3692 codice
2307 3635 2651 3707 Tubingensi
2686 3636 2742 3691 M
2775 3636 2824 3693 b.
2864 3640 2942 3693 24
2990 3654 3098 3695 sec.
3129 3636 3238 3694 XV
3283 3636 3374 3694 fol.
3423 3628 3511 3719 [cf.
3559 3635 3740 3694 Flach
3792 3637 3848 3693 in
3879 3634 4178 3695 Fleckeis.

510 3740 637 3782 ann.
696 3726 855 3780 1876
905 3742 1027 3796 pag.
1084 3717 1253 3801 733J.

928 3807 1024 3869 El.
1064 3833 1153 3861 =
1198 3817 1513 3867 erotemata
1562 3811 1907 3867 Basileensia
1950 3809 2305 3882 Moschopuli
2354 3809 2612 3866 Basileae
2658 3827 2707 3867 a.
2780 3812 2938 3866 1540
3000 3826 3070 3867 ex
3126 3810 3357 3868 officina
3418 3811 3470 3869 J.
3522 3811 3773 3868 Walderi
3835 3811 3990 3869 edita
4054 3811 4180 3886 [ed.

508 3914 591 3969 pr.
639 3921 728 3949 =
775 3899 949 3955 editio
997 3902 1257 3971 princeps
1306 3898 1610 3954 Mediolani
1668 3900 1824 3953 1493
1875 3899 2025 3970 typis
2068 3888 2383 3978 impressa]-

934 3985 1046 4046 Ubi
1108 3987 1162 4040 in
1225 3979 1320 4045 Eg
1367 3993 1575 4055 puncta
1633 3986 1946 4056 interposui
2012 3983 2087 4041 ibi
2159 4002 2285 4042 cum
2349 3984 2609 4055 Dionysii
2681 3984 2869 4040 verbis
2946 3985 3264 4040 consentire
3325 3986 3497 4054 scit03
3568 3985 3767 4042 iisdem
3828 3986 4054 4057 punctis
4114 3986 4184 4042 in

512 4073 717 4128 ceteris
762 4075 1089 4130 erotematis
1136 4090 1268 4128 usus
1313 4089 1455 4141 sum,
1502 4079 1561 4128 ut
1591 4072 1895 4128 indicarem
1930 4088 2129 4128 eorum
2172 4089 2299 4130 cuin
2335 4071 2796 4142 Guelferbytanis
2849 4086 3201 4131 consensum.
3231 4071 3380 4129 inter
3423 4079 3697 4144 quattuor
3727 4079 3914 4128 autem
3949 4073 4182 4143 species

508 4175 784 4229 quaenam
837 4163 985 4216 ratio
1033 4160 1365 4226 intercedat,
1412 4175 1687 4231 quaenam
1736 4159 1919 4215 forma
1976 4147 2348 4231 Moschopulo
2394 4161 2464 4215 sit
2509 4158 2900 4220 adscribenda,
2947 4175 3059 4230 quo
3105 4161 3329 4215 vinculo
3389 4160 3738 4218 Basileensia
3809 4161 4174 4231 potissimum

506 4253 823 4303 erotemata
906 4265 1029 4304 cum
1087 4249 1350 4318 anonymi
1407 4248 1515 4302 mei
1571 4248 1818 4317 epitoma
1875 4246 2233 4306 cohaereant,
2296 4263 2410 4318 qua
2458 4247 2677 4302 ratione
2743 4247 2827 4302 usi
2895 4247 3006 4302 sint
3077 4248 3404 4302 erotematis
3469 4248 3694 4322 Manno]
3769 4246 4176 4318 ChrysoloraS,

504 4331 841 4389 Theodorus
890 4335 1062 4404 Gaza,
1110 4334 1513 4390 Constantinus
1562 4332 1843 4402 LascariS,
1889 4332 2216 4391 Demetrius
2264 4333 2676 4404 Chalcondylas
2721 4333 3039 4406 quibusque
3085 4334 3155 4389 ab
3201 4334 3310 4390 illis
3367 4333 3578 4390 distent
3622 4334 3950 4402 intervalliS,
4015 4349 4174 4405 quae

503 4419 747 4491 denique
803 4421 1160 4477 necessitudo
1221 4423 1287 4476 sit
1338 4421 1717 4476 Melanthonis
1762 4421 2115 4493 aliorumque
2169 4421 2552 4480 recentiorum
2619 4422 2828 4477 artium
2874 4422 3214 4492 scriptorum
3274 4427 3332 4477 et
3377 4421 3577 4476 horum
3640 4427 4029 4489 erotematum,
4093 4419 4173 4478 de

500 4506 589 4563 his
634 4508 893 4564 omnibus
941 4525 1067 4565 cum
1113 4508 1223 4564 hoc
1268 4509 1392 4563 loco
1434 4508 1802 4564 instituissem
1849 4524 2017 4580 agere
2065 4525 2213 4566 nunc
2257 4509 2532 4580 angustiis
2576 4507 2747 4564 huius
2792 4507 2963 4563 libelli
2993 4515 3223 4564 coactus
3270 4509 3469 4564 omitto
3517 4515 3574 4563 et
3619 4507 3677 4564 in
3725 4508 3966 4580 proximi
4029 4509 4176 4564 anni

503 4603 921 4666 programmate
993 4612 1083 4651 me
1153 4611 1276 4650 esse
1347 4594 1738 4665 expediturum
1806 4597 2091 4666 promitto.
2161 4598 2320 4653 cuius
2397 4611 2484 4651 me
2553 4594 2837 4651 dilationis
2910 4601 2994 4650 est
3053 4611 3187 4650 sane
3250 4595 3401 4667 quod
3463 4595 3692 4667 pigeat·
3769 4594 4174 4652 vehementius

502 4680 801 4738 dolendum
849 4682 984 4738 illud
1034 4689 1135 4737 est.
1200 4681 1348 4752 quod
1396 4683 1620 4752 saepius
1679 4699 1789 4739 non
1851 4699 1947 4739 eas
2008 4683 2325 4740 litterarum
2387 4683 2787 4754 signorumque
2847 4678 3058 4738 formas
3118 4687 3553 4773 repraesentare
3615 4663 3922 4753 legentium
3978 4681 4178 4738 oculis

500 4771 677 4839 potui
725 4785 870 4841 quae
917 4770 1069 4826 solie
1116 4768 1354 4825 idoneae
1397 4770 1693 4840 iustaeque
1740 4776 1900 4826 sunt:
1947 4786 2075 4826 nam
2122 4771 2312 4842 qualia
2357 4778 2486 4826 sunt
2533 4769 2701 4826 haec:
2755 4789 2884 4844 γαο
2923 4757 3111 4840 ἽΙροῖ,
3161 4786 3198 4820 α
3247 4787 3308 4838 ε,
3355 4766 3392 4845 [
3473 4762 3512 4851 ],
3583 4769 3791 4826 similia
3837 4774 3938 4824 aut
3981 4768 4174 4824 risum

500 4863 599 4911 aut
655 4857 1005 4913 stomachum
1053 4857 1386 4914 mov:ebunt
1434 4872 1599 4927 quem
1647 4873 1717 4912 nc
1762 4858 1817 4912 in
1865 4873 1954 4912 me
2000 4864 2299 4930 erumpant
2345 4858 2391 4913 si
2452 4858 2545 4929 qui
2595 4859 2760 4929 aequi
2807 4861 2977 4913 erunt
3014 4815 3234 4912 iudices
3281 4858 3646 4913 vehementer
3707 4871 3862 4928 rogo.
3920 4871 4053 4911 nam
4118 4856 4176 4912 si

499 4959 605 5014 per
650 4960 738 4999 me
782 4945 1051 5012 stetisset,
1083 4946 1381 5016 quominus
1406 4942 1625 5000 libellus
1655 4942 1928 5000 eiusmodi
1962 4943 2222 5002 sordibus
2254 4944 2459 5017 quibus
2485 4944 2620 5001 nihil
2651 4950 2842 5016 potest
2873 4959 2995 5002 esse
3025 4943 3271 5014 ineptius
3302 4945 3716 5016 inquinaretur,
3747 4942 4170 5015 impediturum

498 5046 590 5086 me
636 5029 809 5086 fuisse
853 5032 1144 5103 multaque
1190 5047 1278 5087 me
1323 5031 1519 5087 tulisse
1564 5031 1764 5088 fecisse
1809 5030 2115 5089 desudasse
2161 5035 2252 5090 vix
2299 5039 2388 5090 est
2433 5031 2584 5104 quod
2643 5048 2919 5104 moneam,
3002 5030 3101 5089 sed
3162 5031 3463 5103 typotheta
3522 5029 3985 5099 ManhemiensiS,
4072 5031 4179 5088 cui

498 5133 611 5173 non
658 5117 836 5173 solum
883 5120 1089 5190 peritia
1133 5118 1334 5174 harum
1370 5109 1604 5188 ¹rerum,
1666 5119 1765 5175 sed
1812 5120 1983 5176 etiam
2044 5121 2164 5192 typi
2218 5137 2330 5177 non
2391 5119 2530 5176 nulli
2589 5121 2942 5178 usitatissimi
2998 5118 3221 5189 desunt,
3278 5123 3336 5175 et
3370 5116 3595 5191 'preces
3647 5125 3710 5180 et
3765 5117 4184 5176 contentiones

502 5220 664 5261 meas
708 5219 903 5262 omnes
947 5204 1197 5262 reddidit
1232 5205 1449 5261 irritae.

919 5291 1139 5362 Restat,
1184 5298 1249 5348 ut
1293 5298 1574 5365 quotquot
1616 5308 1706 5349 me
1750 5290 2024 5365 praefecti
2067 5292 2540 5352 bibliothecarum
2582 5295 2642 5351 in
2687 5293 2776 5352 his
2820 5293 3020 5351 studiis
3065 5292 3402 5351 adiuverunt
3449 5291 3608 5351 libris
3654 5290 4182 5350 subministrandis

500 5377 611 5436 hoc
657 5394 885 5452 quoque
928 5378 1054 5435 loco
1100 5381 1315 5452 gratias
1359 5396 1521 5453 agam
1566 5379 1850 5451 plenissiir
3339 5417 3374 5444 .

920 5481 1252 5541 Scribebam
1300 5483 1612 5541 Manhemii
1657 5500 1769 5542 mer
2333 5481 2796 5544 'DCCCLXXK
